4584 6912
719 485 721 489 ⁵
817 545 1266 624 nusrrnurnr.
1346 613 1349 621 ,
1707 539 1803 638 197

286 727 386 811 Gan.
414 685 665 832 periunthium
695 728 967 822 decemlidnm,
1000 732 1146 810 laciniis
1174 734 1327 810 alternis
1355 733 1581 828 minoribus,
1612 739 1841 820 lineari-lane

335 832 509 946 ceohtis,
541 829 793 944 subsetaceis,
819 831 903 908 aliis
920 833 1057 928 oratis,
1084 835 1227 936 acutis;
1249 833 1425 922 omnibus
1451 839 1614 935 villosis,
1639 839 1679 934 in
1695 843 1841 934 fructus

334 941 551 1009 maturitate
567 941 714 1005 erectis.

286 1135 388 1212 Con.
417 1119 671 1234 pantarietal'a,
746 1123 833 1208 lulis
849 1123 1227 1232 patentibus'luteim
1256 1131 1696 1234 obsisto-subnotanda,
1721 1164 1842 1224 amar*

334 1235 483 1332 ginatis,
513 1231 683 1328 calyce}
718 1232 947 1330 ongioribus.

283 1434 487 1524 Scaurus,
514 1435 791 1538 pistillumque,
819 1442 863 1513 ut
878 1432 918 1512 in
934 1435 1093 1514 Genera.

286 1635 533 1716 Cimnunnsr
560 1634 745 1728 seminum
762 1631 1052 1733 pedicellatum
1077 1636 1272 1734 pedicallo·
1285 1638 1405 1728 tereti,
1430 1636 1575 1730 villoso,
1602 1643 1699 1721 duas
1717 1651 1841 1730 tresve

335 1735 453 1812 lineas
471 1760 588 1840 supra
605 1731 748 1836 caly'cis
769 1734 894 1824 basin,
918 1756 989 1814 seu
1006 1733 1303 1817 fructificationis
1320 1733 1624 1840 receptaculum,
1650 1744 1840 1842 elongato,

285 1935 452 2012 Srnrrun
480 1933 695 2035 quindecim
721 1933 772 2016 ad
788 1933 917 2032 irginti
942 1944 1041 2024 sex',
1061 1935 1340 2034 patentissima,
1368 1946 1404 2011 et
1424 1937 1533 2036 quasi
1559 1941 1597 2014 in
1619 1948 1696 2014 tres
1720 1945 1840 2018 series

334 2037 513 2112 stellatim
539 2034 741 2134 disposita,-
767 2033 941 2112 inferiora
964 2061 1099 2138 parum
1115 2037 1294 2128 .daflexa;'
1328 2037 1454 2117 omnia
1478 2042 1837 2133 ovato-lanceolata,

334 2147 469 2224 acuta,
507 2136 872 2236 compressiusonla,
906 2137 1061 2222 villosa,
1089 2134 1209 2234 duplo
1241 2137 1403 2225 maiora,
1429 2136 1543 2234 triplo
1575 2139 1841 2238 quadruplove

333 2235 608 2323 numerosiora,
636 2235 752 2334 qnam
778 2234 844 2310 illa
867 2236 941 2318 ,Gei
966 2237 1118 2324 urbani,
1146 2235 1184 2312 in
1204 2236 1356 2314 aristam
1382 2245 1575 2312 attenuata
1600 2243 1837 2330 uncmamm,

333 2360 433 2410 nnnc
461 2337 585 2410 medio
610 2335 677 2410 vix
697 2346 851 2424 tortam,
888 2362 990 2412 nunc
1015 2337 1054 2411 in
1079 2340 1164 2434 ipso
1190 2336 1404 2433 geniculato
1429 2348 1660 2423 contortam,
1696 2343 1838 2434 semina

333 2459 436 2535 saepe
453 2436 672 2534 longiorem,
698 2434 881 2532 glabram,
907 2437 1134 2516 basi·tamen
1150 2434 1340 2516 interdum
1358 2435 1717 2533 subpubescentem.

283 2633 446 2720 Habitat
471 2638 510 2708 in
527 2636 692 2710 collibus
708 2634 901 2728 calcaneis,
928 2636 1030 2714 circa
1047 2635 1327 2715 conimbricam
1343 2641 1382 2710 et
1397 2633 1487 2709 alibi
1504 2635 1544 2709 in
1560 2633 1687 2712 Beira.

540 2880 544 2891 κ
703 2830 807 2912 Flor.
834 2857 930 2912 rere.
959 2834 1096 2915 Peren.

281 3032 422 3114 Saron
448 3030 587 3106 rad-icis
602 3027 894 3150 amariusculos',
920 3040 959 3105 et
974 3027 1176 3136 stypticus.
1261 3063 1266 3071 ·
1360 3039 1364 3047 '

283 3235 367 3309 Oba.
396 3231 536 3311 Planta
552 3231 662 3308 nimis
679 3231 801 3307 affinis
829 3233 904 3307 Geo
922 3231 1131 3324 Atlantico,
1160 3231 1230 3309 sed
1247 3255 1396 3332 semper
1412 3234 1549 3323 minor,
1577 3231 1766 3334 eaulequa
1781 3231 1837 3306 bi,

331 3335 447 3420 floro,
474 3334 751 3421 subtriflorovs,
779 3331 1113 3415 lobnloterminali
1130 3332 1306 3408 loliorum
1323 3333 1544 3410 radicalium
1568 3331 1838 3412 sinuato-loba-

330 3443 392 3524 to,
419 3433 519 3510 loliis
546 3431 707 3509 caulinis
732 3430 975 3510 subcuneatis
1001 3431 1307 3516 serrato-incisis,
1338 3432 1522 3507 seminum
1548 3430 1663 3505 arista
1687 3451 1837 3526 semper

280 3567 286 3576 ·
330 3537 474 3629 glabra,
502 3544 540 3610 et
556 3534 744 3620 uncinata,
769 3541 808 3606 ct
822 3533 917 3608 sorte
940 3535 1052 3632 stiam
1069 3531 1238 3630 capitulo
1253 3528 1440 3606 seminum
1464 3530 1575 3625 longe
1592 3526 1834 3624 pediccllato,

331 3635 493 3730 diuersa.
523 3633 662 3708 Differt
678 3636 791 3706 etiam
817 3655 840 3706 a
858 3633 936 3706 Geo
952 3643 1136 3718 montano,
1163 3629 1226 3704 cui
1244 3652 1401 3726 quoqne
1416 3624 1549 3718 affinis,
1575 3623 1713 3702 foliolis
1737 3647 1836 3722 pau-

332 3733 511 3818 cioribus,
537 3730 891 3828 remotioribusque,
917 3731 1027 3804 caule
1051 3753 1150 3828 supe
1176 3727 1320 3818 bifloro,
1348 3735 1386 3802 et
1401 3725 1585 3806 seminum
1611 3725 1738 3803 arietis
1752 3723 1835 3821 gla-

332 3830 436 3918 bris,
451 3831 643 3921 contortis,
671 3828 871 3905 uncinatis.
891 3826 981 3903 Nec
999 3828 1307 3904 confundendum
1334 3850 1490 3926 quoque
1516 3851 1604 3902 oum
1628 3826 1705 3900 Gco
1724 3849 1836 3922 pyre-

332 3929 453 4017 naica,
481 3929 607 4006 differt
630 3929 728 4006 enim
753 3928 912 4006 floribus
936 3927 976 4002 in
994 3927 1141 4004 anthoni
1164 3951 1240 4004 non
1265 3927 1500 4014 nutantibus,
1526 3924 1734 4008 seminibus
1759 3946 1838 4004 uon

320 4031 579 4118 -sublanatis,
600 4030 725 4106 aristis
752 4027 939 4104 uncinatis
964 4051 1040 4104 non
1063 4029 1220 4128 pilosis,
1257 4029 1367 4104 caula
1390 4037 1429 4102 et
1453 4027 1554 4103 soliis
1579 4020 1692 4122 longe
1718 4021 1838 4103 miuo-

333 4127 872 4307 ‘ibssazlffdicafiuutaliala
896 4129 1270 4240 exaestuemus
1294 4125 1610 4242 simulatus
1638 4147 1710 4210 ¹100
1735 4143 1838 4238 ενι»

283 4263 290 4276 ·
333 4249 382 4318 su
411 4241 495 4307 tuo
523 4253 561 4326 o,
1325 4262 1329 4272 ¹
