4584 6912
744 548 1245 633 tusrrnurret
1671 535 1759 634 171

292 738 498 832 stridens,
526 741 662 820 subtus
687 749 727 818 et
751 743 803 818 ad
829 772 915 821 oras
941 745 1164 842 marginales
1180 744 1482 822 villoso-sericeis
1509 733 1799 844 exalbidisque,

291 849 467 944 quinque
502 848 551 919 ad
578 853 666 918 octo
692 844 811 920 lineas
839 848 982 943 longis,
1012 847 1278 942 sesquilineam
1312 847 1362 918 ad
1390 849 1486 921 duas
1513 848 1631 922 lineas
1657 848 1694 918 in
1722 871 1800 919 me·

295 949 358 1022 dio
387 947 485 1036 latis,
516 946 705 1020 interdum
732 942 809 1018 iere
827 946 1133 1044 conduplicatis3
1161 947 1209 1018 ad
1228 946 1374 1018 intimos
1402 949 1566 1022 carrlinrn
1594 947 1715 1019 nodos
1734 948 1800 1018 mia

293 1047 461 1134 noribns,
490 1044 840 1118 ovato-lanceolatis
866 1058 934 1118 aut
951 1045 1210 1128 subeuntibus,
1241 1047 1481 1121 rnncronatis.
1510 1047 1680 1120 l’etiolus
1699 1069 1802 1118 com-

295 1146 420 1220 munis
447 1146 632 1232 serimus,
662 1169 779 1242 supra
805 1145 1100 1230 canaliculatus‚
1131 1149 1267 1218 subtus
1295 1167 1508 1230 convexus,
1537 1145 1675 1219 foliolis
1702 1167 1803 1242 saepe

293 1247 383 1344 plns
410 1248 581 1319 minusve
619 1247 782 1332 brevior,
809 1257 981 1332 erectus,
1012 1246 1088 1318 basi
1118 1244 1333 1342 stipulatus.
1366 1247 1529 1344 Stipulae
1557 1249 1641 1320 duae
1669 1245 1801 1334 liberat,

295 1347 494 1436 subulatae,
523 1345 664 1443 petiolo
689 1346 800 1420 valde
828 1349 1028 1422 breviores.
1696 1368 1698 1376 ’

234 1547 411 1624 Pronus
439 1546 594 1620 solitarii
614 1557 680 1620 aut
698 1532 773 1618 bini
803 1547 840 1617 in
859 1545 966 1642 apice
984 1547 1299 1642 pedunculornm,
1328 1542 1517 1620 'rarissime
1544 1545 1593 1620 ibi
1614 1555 1689 1620 tres
1709 1569 1804 1641 qua·

296 1661 438 1736 tuorve,
467 1647 537 1720 nisi
568 1649 603 1720 in
622 1648 752 1743 planta
778 1646 892 1718 cultrl.
923 1647 1136 1720 l'eduncnli
1166 1647 1423 1743 oppositisolii,
1451 1663 1488 1720 et
1509 1649 1658 1720 tandem
1679 1649 1805 1718 termi-

295 1750 423 1833 nales,
454 1758 609 1836 tereteS,
638 1747 862 1829 santonum,
891 1747 1033 1832 scrinei,
1068 1747 1193 1830 ereoti,
1223 1747 1361 1841 petiolo
1390 1748 1477 1842 plus
1505 1746 1674 1818 minusue
1701 1761 1804 1838 saepe

297 1849 495 1943 longiores
524 1846 700 1942 superne,
730 1845 814 1920 culm
843 1870 917 1916 non
944 1846 993 1918 ibi
1022 1847 1167 1918 nnillori
1196 1859 1294 1927 sulit,
1324 1850 1360 1916 in
1379 1857 1445 1927 tot,
1474 1859 1571 1942 quot
1594 1846 1717 1930 flores,
1739 1869 1803 1937 pe·

298 1948 458 2022 dicellos
486 1945 694 2037 subdivisi3
720 1945 897 2044 pedicelli
916 1945 1166 2042 subaequales,
1196 1946 1329 2018 lineam
1359 1947 1526 2018 adduas
1554 1947 1670 2017 lineas
1691 1943 1804 2038 longi.

247 2147 451 2220 Eurorum
478 2146 551 2218 sub
580 2143 730 2240 singulo
756 2143 849 2216 flore
875 2167 972 2241 saepe
999 2155 1099 2236 tros3
1128 2147 1212 2218 ‹loae
1239 2144 1421 2241 oppositae
1449 2147 1581 2238 (tertia
1607 2143 1722 2240 paulo
1748 2143 1805 2215 in-

298 2249 355 2318 sra
379 2247 499 2342 ipsas)
525 2256 710 2331 setaceae,
739 2245 957 2340 adpressae,
986 2245 1253 2340 sesquilineam
1290 2245 1337 2316 ad
1367 2245 1484 2317 lineas
1512 2245 1609 2316 duas
1636 2267 1722 2315 cunr
1750 2243 1807 2315 di·-

297 2346 414 2517 1lnidia
445 2349 584 2442 longae,
615 2343 746 2440 calyce
772 2345 883 2416 valde
910 2343 1118 2432 breviores,
1148 2343 1344 2440 pedieellis
1376 2357 1501 2416 autern
1529 2344 1664 2417 florum
1692 2345 1806 2438 paulo

235 2535 238 2541 Δ
321 2469 506 2540 ongrores

252 2645 555 2718 Puurnurntorn
583 2634 882 2739 monophyllum,
912 2646 1232 2739 campanulatnm,
1260 2655 1371 2718 extus
1390 2642 1660 2728 subserioenur,
1688 2667 1736 2716 ex
1755 2642 1808 2714 vi-

301 2743 373 2816 ridi
394 2743 612 2830 flavescens,
642 2753 806 2838 quatuor
825 2744 945 2815 lineas
966 2747 1130 2840 longum,
1159 2745 1195 2816 in
1217 2746 1294 2817 dno
1313 2745 1412 2816 labia
1430 2743 1663 2836 longitudine
1680 2769 1807 2838 aequa·

240 2847 245 2856 ’
297 2843 352 2916 lia
379 2844 565 2940 profunde
590 2841 829 2938 bipartitum:
857 2843 956 2916 labio
984 2845 1176 2938 superiore
1212 2845 1259 2914 ad
1290 2869 1410 2938 usqne
1446 2845 1559 2938 paulo
1594 2843 1688 2914 intra
1717 2843 1808 2914 bila·

299 2943 439 3016 bialem
467 2943 671 3016 divisuram
699 2939 886 3037 bipartito,
916 2941 1059 3014 laciniis
1086 2941 1319 3026 acnnrinutis
1348 2940 1422 3014 late
1445 2939 1676 3028 lanceolatis,
1705 2941 1810 3014 cilia-

299 3043 363 3128 tis‚
393 3042 528 3116 subtus
554 3041 682 3114 vexilli
709 3041 818 3114 basin
836 3041 987 3127 exertis,
1017 3041 1065 3114 ab
1083 3041 1225 3138 illoque
1251 3040 1423 3114 reflexis:
1450 3040 1550 3112 labio
1575 3039 1747 3113 inferiore
1766 3039 1810 3112 li*

300 3141 596 3236 neeri-oblongo,
626 3164 804 3228 concavo,
833 3145 941 3238 apice
968 3141 1184 3232 tridentato,
1210 3139 1388 3218 dentibus
1407 3139 1607 3230 subsistis,
1635 3140 1808 3216 interme·

302 3242 367 3336 dio
392 3239 456 3316 vix
483 3239 641 3316 breviori
664 3250 705 3314 et
729 3231 947 3338 angustiori.

255 3441 452 3516 Coronen
478 3435 750 3539 papilionacea,
776 3436 894 3518 lutea.
931 3436 1124 3519 Vexillum
1149 3431 1571 3524 ¹ovato-subrotundum,
1599 3437 1807 3536 emargina-

301 3551 382 3621 tam
412 3565 499 3614 cum
525 3565 717 3628 mucrone,
745 3541 845 3616 intrls
872 3543 1057 3640 glabrum,
1086 3555 1196 3615 extus
1230 3539 1478 3624 subsericam,
1508 3562 1722 3633 assurgens,
1752 3541 1807 3612 la·

302 3641 445 3713 teribus
466 3640 673 3727 reflexum,
703 3643 834 3738 calyce
858 3653 879 3732 l
911 3643 1081 3736 longius,
1120 3653 1245 3736 ungue
1272 3639 1357 3712 'tubi
1384 3636 1542 3734 calycini
1574 3636 1808 3736 longitudine

303 3739 577 3836 nonnullisque
603 3739 749 3816 lineolis
776 3743 1051 3838 subpurpureis
1079 3763 1242 3837 superne
1268 3743 1382 3836 picto.
1410 3739 1497 3811 Alae
1524 3737 1690 3826 obtusae,
1718 3741 1809 3813 obo-

303 3837 595 3934 vato-oblougae,
622 3848 748 3922 rectae‚
776 3838 1007 3926 laxiuscnlae,
1037 3843 1074 3910 in
1098 3842 1262 3913 carinam
1282 3840 1534 3924 conniventes
1562 3838 1701 3911 vexillo
1729 3841 1810 3912 bro-

305 3940 439 4021 viores
469 3936 600 4031 calyce
627 3948 751 4009 autem
779 3939 893 4032 paulo
921 3939 1107 4032 longiores
1135 3941 1290 4032 (irrigue
1314 3937 1533 4010 brevissimo
1560 3961 1632 4010 non
1661 3965 1808 4035 suppu-

307 4045 399 4121 tato,
426 4047 502 4108 tres
529 4039 647 4110 lineas
674 4036 822 4130 longa.)
852 4037 989 4110 Carina
1016 4038 1159 4132 calycis
1180 4037 1422 4130 longitudine,
1450 4047 1488 4108 et
1503 4039 1572 4108 alis
1593 4039 1706 4132 paulo
1726 4041 1809 4112 bre-

305 4134 408 4219 vior,
437 4135 548 4230 qnasi
575 4135 763 4232 dipetala,
793 4148 917 4210 ventre
944 4156 1109 4210 concavo
1137 4161 1341 4233 nrrgueque
1370 4135 1589 4210 brevissimo
1617 4137 1807 4234 bipartita,

305 4232 577 4321 obtusiuscula,
607 4235 735 4308 leviter
761 4250 925 4324 arcuata,
954 4237 989 4307 in
1017 4237 1196 4310 vexillum
1225 4236 1438 4324 connivens,
1467 4235 1645 4332 utrinque
1671 4239 1720 4310 ad
1743 4240 1807 4310 ba-

309 4333 367 4407 sin
395 4335 492 4407 callo
519 4335 729 4408 marnilloso
757 4339 857 4408 intus
884 4361 1048 4409 concavo
1075 4337 1268 4410 instructa.

256 4533 387 4606 Srrn.
415 4534 603 4604 tilanrenta
626 4533 757 4604 'decern
788 4533 989 4630 diadelpba
1008 4535 1185 4631 (simplex
1211 4541 1248 4606 et
1269 4534 1534 4620 novenrfidnm‚
1563 4534 1724 4628 simplex
1742 4560 1808 4608 an·

310 4647 383 4704 tem
413 4630 551 4704 interne
577 4631 626 4704 ad
654 4633 883 4704 sernilinenm
912 4659 1047 4730 propre
1067 4634 1347 4729 receptaculum
1375 4658 1461 4704 cum
1481 4635 1692 4704 novenrlido
1720 4659 1807 4706 coa-

309 4729 449 4902 llitum)
479 4734 576 4803 intra
603 4731 765 4804 carinam
806 4736 932 4805 omnia
958 4733 1163 4806 recondita.
1196 4731 1375 4806 Antherae
1401 4731 1615 4832 simplices,
1644 4731 1805 4820 erecta,

327 4841 432 4902 utere.

261 5028 375 5104 Prsr.
410 5029 573 5104 Germen
601 5027 877 5116 lanceolarum,
910 5029 1039 5105 albido
1059 5029 1252 5113 villosum,
1280 5033 1551 5106 acuminatum.
1587 5031 1718 5130 Stylus
1745 5061 1809 5108 sn-

314 5130 478 5220 bulatus,
500 5149 720 5228 ,assurgens
749 5131 983 5226 longitudine
1008 5134 1260 5206 antherornm.
1290 5133 1433 5228 Stigrna
1459 5131 1633 5232 simplex.
1724 5223 1727 5244 Ι
1761 5233 1765 5240 Ι

262 5327 469 5404 Leouuru
496 5341 673 5416 erectum,
702 5329 849 5403 unciale
875 5339 940 5401 aut.
965 5331 1080 5426 puolo
1107 5331 1216 5417 ultra,
1244 5327 1438 5417 sericeum,
1466 5333 1614 5421 lineare,
1642 5335 1809 5428 compla-

313 5441 442 5502 natum
468 5428 699 5525 marginibus
724 5435 901 5525 utrinque
926 5431 1090 5517 elevatis,
1118 5431 1286 5505 obsolete
1312 5433 1534 5524 torulosnm,
1563 5435 1641 5509 bosi
1667 5447 1704 5506 et
1731 5441 1809 5531 api·

312 5552 356 5602 ce
381 5539 546 5616 acutum,
574 5529 671 5602 intra
696 5531 866 5624 'calyeem
895 5529 1037 5604 sessile.
