4508 6924
569 575 632 673 58
1024 579 1612 663 enrroanurnrx

528 787 679 864 'Canvx
706 783 919 861 communis
937 781 1101 880 duplex,
1128 775 1396 879 polyphyllus3
1422 773 1586 849 exterior
1603 774 1783 850 soliolis9
1805 774 1855 849 ad
1877 781 1936 862 12,
1964 777 2088 876 calyce

584 889 730 964 interno
747 889 824 963 fere
841 883 998 960 dimidio
1016 879 1264 968 brevioribus,
1292 877 1428 962 acutis,
1456 875 1820 962 ovato-lanceolatis,
1847 878 1955 948 coste
1971 878 2088 956 viridi·

581 990 668 1077 bus,
695 987 827 1086 ibique
843 985 968 1073 nudie,
995 984 1046 1058 ad
1070 983 1188 1056 latera
1210 976 1398 1065 scariosis,
1427 974 1806 1062 alhido·subvillosiS‚
1834 976 2036 1052 insertione
2055 993 2089 1056 et

583 1089 821 1185 longitudine
837 1085 1100 1184 inaequalibus,
1120 1081 1338 1181 patentibus
1356 1077 1467 1152 etiam
1486 1089 1573 1176 post
1591 1076 1774 1166 anthesin,
1802 1087 2022 1174 atquecum
2042 1080 2089 1155 in·

574 1202 690 1263 temo
708 1189 840 1284 calyce
859 1183 1164 1286 persistentibus:
1190 1179 1345 1256 interior
1362 1176 1500 1252 foliolis
1518 1187 1542 1252 9
1560 1179 1610 1252 ad
1630 1186 1687 1264 ld,
1714 1177 2087 1272 lineari-lanceolatis,

582 1289 809 1388 aequalibus,
838 1286 1010 1386 quinque
1028 1283 1145 1358 lineas
1162 1281 1298 1378 longis,
1322 1303 1439 1351 unam
1459 1280 1535 1351 sere
1552 1278 1689 1352 lineam
1709 1278 1805 1368 latis,
1826 1276 2019 1368 viridibus,
2041 1286 2089 1358 ad

583 1389 702 1464 latera
728 1399 766 1463 et
792 1387 938 1487 apicem
966 1383 1262 1460 membranaceis
1289 1390 1327 1454 et
1354 1376 1592 1467 subvillosiS,
1619 1381 1722 1452 intus
1749 1377 1945 1467 concavis,
1984 1394 2089 1458 extus
2140 1383 2143 1392 ’

584 1489 773 1578 convexis,
801 1500 907 1562 costa
930 1487 981 1560 ad
999 1510 1124 1583 usque
1141 1483 1310 1558 medium
1334 1477 1514 1553 mollibus
1534 1478 1715 1554 aculeolis
1738 1478 1856 1552 luscis
1881 1479 2027 1568 scabra,
2053 1485 2088 1558 in

582 1589 729 1664 anthesi
746 1587 899 1686 patulis,
926 1597 1060 1684 postea
1082 1586 1121 1658 in
1137 1582 1374 1683 pyramidem
1398 1580 1585 1653 sulcatam
1603 1579 1755 1667 clausis,
1784 1579 1938 1653 demum
1964 1582 2001 1653 in
2018 1606 2089 1657 ma·

574 1687 991 1764 turescentiaretlexis.

532 1885 728 1964 Coactus
756 1886 977 1986 composita,
1005 1886 1189 1960 diametro
1210 1891 1254 1958 la
1274 1880 1457 1954 linearum
1480 1880 1529 1952 ad
1552 1887 1616 1972 143
1645 1878 1806 1977 propriae
1828 1878 1994 1974 ligulatae
2018 1908 2093 1959 om·

581 2015 659 2077 nes,
689 1989 1038 2088 quinquedentataa,
1068 1986 1191 2074 luteae,
1212 1983 1408 2058 radiantes
1436 1981 1573 2054 subtus
1598 1991 1939 2077 purpurascentes,
1967 1983 2092 2080 calyce

581 2090 727 2164 interno
745 2090 861 2188 paulo
880 2087 1081 2183 longiores.

534 2288 663 2363 scin.
689 2299 727 2362 et
746 2287 843 2362 Pist.
871 2298 914 2361 ut
930 2287 968 2360 iu
986 2287 1072 2361 aliis
1091 2283 1378 2383 congeneribus,
1407 2281 1476 2358 sed
1494 2279 1582 2376 styli
1602 2279 1715 2376 longi,
1743 2280 1880 2354 crocei.

531 2485 702 2564 Senarus
739 2486 935 2571 subulam,
965 2486 1226 2574 curviuscula‚
1254 2487 1400 2572 striata,
1429 2481 1605 2556 subrufa:
1637 2505 1790 2580 pappus
1818 2479 2095 2578 simplicissime

581 2586 785 2685 capillariS,
813 2585 1020 2685 stipitatus‚
1047 2586 1171 2674 albus,
1198 2586 1345 2660 brevior
1364 2607 1479 2682 quam
1504 2603 1633 2654 semen
1658 2606 1732 2654 una
1755 2605 1844 2654 cum
1862 2580 1989 2678 stipite
2007 2609 2094 2682 sup·

571 2699 770 2786 putatum.

533 2887 1194 2982 Rscnerxcunusrplaninsculum,
1222 2887 1382 2969 nudum,
1409 2891 1646 2977 punctatum.

808 2985 938 3060 Floret
956 2984 1109 3074 Martio,
1137 2993 1174 3056 et
1190 2981 1383 3054 mensibus
1404 2981 1539 3053 vernis.

531 3081 697 3162 Habitat
712 3079 759 3176 {in
773 3084 890 3162 cultis
907 3085 1124 3184 pinguibus
1154 3086 1190 3157 in
1210 3081 1293 3158 solo
1309 3081 1665 3158 colomeo-humosa
1685 3085 1736 3156 ad
1753 3101 1930 3181 agrorum
1947 3085 2099 3181 limites,

565 3197 622 3264 ¹et
638 3189 688 3262 ad
705 3189 784 3262 vias
802 3186 905 3262 circa
920 3185 1213 3272 conimbricam,
1242 3181 1492 3278 Olisiponem,
1519 3191 1558 3255 et
1575 3179 1679 3256 alibi.

523 3285 644 3364 vaus:
671 3287 803 3387 planta
820 3295 900 3362 tota
917 3311 1056 3374 amara,
1082 3285 1295 3360 etinodora
1311 3295 1385 3356 est:
1413 3285 1541 3380 pecori
1561 3305 1637 3355 non
1656 3279 1812 3380 ingrata,
1835 3293 1874 3359 et
1890 3307 1931 3360 re
1950 3287 2096 3364 medica

581 3389 760 3464 Cichorio
777 3389 903 3487 intyba
920 3386 1066 3464 similis.

524 3489 620 3564 Ues.
647 3488 693 3562 ln
711 3487 1018 3585 compositarum
1036 3485 1199 3562 naturali
1219 3484 1380 3574 Ordine,
1407 3493 1446 3558 et
1462 3483 1627 3558 maxime
1651 3483 1689 3558 in
1708 3483 1920 3582 Crepidum
1943 3513 2094 3586 genere,

581 3588 730 3688 Stirpes
758 3589 855 3664 loliis
881 3586 1115 3664 radicalibus
1140 3584 1346 3662 runcinotis
1378 3584 1436 3658 vel
1462 3585 1733 3660 oblanceolatis
1759 3586 1930 3676 donate,
1967 3589 2024 3664 his
2055 3601 2100 3668 et

581 3691 741 3764 caulinis
766 3689 1156 3790 nimispolymorphae
1183 3697 1292 3780 sunt,
1318 3687 1405 3761 crlm
1430 3683 1518 3760 vere
1536 3685 1692 3783 insuper
1718 3685 1777 3760 his
1795 3687 1936 3762 eaedem
1963 3687 2096 3764 habitu

570 3815 683 3866 nunc
702 3793 834 3888 glabro
853 3815 954 3865 nunc
972 3788 1120 3863 diverse
1140 3790 1361 3888 pubescenti
1382 3785 1536 3873 varient,
1565 3786 1713 3881 species
1734 3810 1840 3862 veras
1864 3812 1887 3860 a
1904 3789 2009 3862 salsis
2028 3813 2099 3864 seu

580 3892 825 3966 varietatibus
843 3915 974 3965 eruere
991 3890 1102 3964 valde
1121 3890 1293 3964 difficile:
1319 3897 1449 3962 nostra
1468 3885 1604 3982 Crepis
1629 3886 1764 3984 inpari
1786 3911 1879 3962 casu
1896 3900 1974 3980 est;
1999 3899 2100 3962 atta·

581 4013 679 4074 men,
707 3992 743 4062 ni
762 3991 884 4073 fallor,
913 3991 962 4060 ab
978 3989 1155 4062 omnihus
1173 3991 1376 4084 hucusque
1393 3985 1555 4080 cognitis
1572 3987 1859 4082 congenerihus‚
1889 3991 2030 4084 quibus
2047 4015 2101 4062 ex

510 4095 515 4102 '
577 4112 712 4183 pappo
729 4089 842 4160 altihs
861 4085 1040 4182 stipitato,
1059 4089 1144 4182 (seu
1158 4085 1406 4160 Borklrausiie
1425 4084 1593 4160 Moench
1610 4097 1649 4160 et
1662 4087 1917 4184 Decaudolle)
1934 4090 2018 4184 plus
2040 4091 2099 4162 af-

584 4185 680 4270 linis,
708 4186 884 4283 specifice
902 4185 1052 4258 differre
1069 4185 1230 4259 videtur.
1261 4183 1400 4258 Differt
1420 4192 1464 4257 1.·
1483 4207 1506 4255 a
1524 4184 1587 4258 Cr.
1608 4187 1873 4285 toi-oxocisotio
1890 4189 2103 4285 prasertim

583 4287 695 4360 caule
711 4297 838 4360 erecto
856 4283 1021 4380 superne
1045 4284 1192 4370 foliato,
1220 4309 1289 4359 nec
1308 4284 1433 4380 scapis
1451 4285 1774 4362 adscendentibus
1799 4286 1880 4362 basi
1899 4287 2024 4362 solum
2041 4289 2102 4362 so·

575 4386 708 4469 hosis,
735 4385 836 4459 foliis
862 4385 1093 4458 radicalibus
1117 4408 1221 4481 saepe
1243 4383 1449 4458 runcinatis
1476 4385 1811 4473 oblanceolatisve,
1838 4387 1999 4483 glabris,
2024 4413 2100 4462 nec

584 4486 761 4560 omuibus
788 4484 1257 4582 runcinato-pinnatifidis‚
1286 4484 1459 4582 hispidis.
1490 4481 1629 4560 Differt
1656 4484 1705 4562 9.·
1732 4511 1756 4560 a
1783 4486 1846 4561 Cr.
1875 4487 2101 4586 nporgiu‘de

583 4589 789 4684 praesertim
813 4586 912 4660 foliis
936 4585 1096 4658 caulinis
1120 4609 1195 4658 non
1214 4584 1601 4672 lineari-lanceolatis‚
1629 4609 1698 4661 nee
1721 4587 1984 4685 superioribus
2009 4589 2102 4662 suh·

574 4687 885 4776 decurrentibus,
913 4687 1021 4760 caule
1039 4709 1201 4773 ramoso,
1230 4685 1438 4784 pluritlor0‚
1467 4685 1609 4780 calycis
1626 4685 1769 4759 externi
1789 4687 1962 4784 squamis
1979 4687 2103 4784 pluri·

573 4787 666 4871 hus,
686 4813 755 4862 nec
774 4785 934 4884 hispidis
953 4811 1021 4858 nec
1041 4785 1240 4875 subulatis,
1258 4785 1411 4882 glabris.
1442 4783 1645 4860 Diserta·
1662 4811 1685 4859 a
1703 4786 1766 4861 Cr.
1785 4786 1975 4874 vesicorio,
2003 4809 2104 4884 pras·
2214 4871 2215 4884 χ

582 4889 709 4962 sertim
729 4889 880 4962 defectu
898 4888 1153 4972 bractearum,
1178 4899 1219 4962 et
1236 4887 1380 4982 calycis
1402 4885 1572 4982 squamis
1596 4886 1846 4962 exterioribus
1870 4911 1945 4962 non
1964 4889 2104 4962 subro-

534 5029 537 5036 ι
581 4989 855 5061 tundo-ovatis.
884 4985 1025 5060 Differt
1041 4988 1093 5059 4?
1110 5011 1132 5058 a
1151 4986 1215 5062 Cr.
1234 4987 1403 5074 sacriora,
1423 4984 1627 5082 prasertim
1646 4985 1790 5084 calycis
1807 4987 1973 5074 externis
1990 4986 2105 5061 lolio-

584 5085 631 5157 lis
649 5109 723 5159 non
744 5085 976 5182 longitudine
992 5085 1237 5160 internorum.
1266 5085 1407 5160 Differt
1424 5087 1475 5161 5?
1492 5109 1514 5157 a
1532 5085 1597 5160 Cr.
1616 5087 1758 5185 alpino,
1781 5087 1987 5184 praesertim
2006 5109 2104 5160 cau·

584 5184 622 5258 le
641 5184 845 5258 ramosiore
871 5184 1071 5282 duploque
1096 5184 1245 5273 altiore,
1273 5186 1415 5282 calycis
1440 5185 1582 5260 externi
1610 5189 1781 5283 squamis
1807 5211 1882 5262 non
1909 5187 2103 5262 scarioso·

584 5283 718 5370 aridis,
747 5309 815 5358 nec
839 5284 974 5357 interni
997 5283 1171 5381 hispidis.
1206 5283 1345 5360 Differt
1364 5287 1412 5362 6.‘
1430 5303 1455 5360 'a
1474 5285 1541 5360 Cr.
1566 5285 1858 5386 Spreogerionu,
1887 5287 2104 5384 praesertim

576 5382 684 5458 doliis
702 5383 861 5459 caulinis
883 5408 960 5457 non
976 5385 1096 5460 ovatis
1119 5409 1189 5460 uec
1209 5385 1361 5473 ciliane,
1389 5386 1589 5482 calycibus
1612 5409 1688 5462 non
1705 5411 1838 5484 sparse
1862 5387 2013 5484 pilosis,
2041 5388 2103 5460 fo·

584 5483 685 5557 liolis
712 5483 906 5558 exterioris
940 5507 1015 5558 non
1043 5483 1268 5574 linearibus,
1304 5485 1511 5564 seminibus
1539 5509 1614 5564 non
1642 5485 1881 5564 transversim
1911 5485 2102 5574 sulcatiS,

575 5608 713 5683 pappo
731 5586 865 5682 piloso,
893 5609 962 5656 nec
982 5584 1171 5682 plumos0,
1200 5611 1313 5684 quem
1332 5586 1405 5685 ipsi
1424 5586 1591 5683 assignat
1607 5586 1813 5674 Allionius,
1834 5611 1920 5660 nam
1940 5586 2104 5683 stirpem

583 5685 682 5759 hanc
708 5685 884 5782 nuspiam
912 5689 950 5756 in
969 5684 1167 5760 Lusitania
1192 5686 1270 5762 vidi
1287 5712 1357 5762 nec
1378 5688 1467 5764 alibi
1486 5692 1622 5763 vivam.
1652 5686 1792 5762 Differt
1808 5687 1961 5760 tandem
1988 5711 2013 5759 a
2029 5685 2106 5760 Cr.

583 5785 841 5884 macroptyllo
866 5783 1068 5882 praesertim
1090 5785 1189 5862 soliis
1206 5786 1446 5866 inferioribus
1469 5810 1545 5860 uon
1564 5786 1880 5882 ovato-oblongis,
1909 5809 1979 5860 nec
1998 5787 2106 5883 pilo·

578 5884 648 5974 sis,
667 5885 810 5982 calycis
823 5884 968 5960 externi
981 5883 1152 5984 squamis
1165 5909 1241 5964 non
1255 5890 1388 5982 ovatis,
1407 5909 1532 5987 neque
1545 5886 1679 5962 interni
1694 5885 1913 5961 brevissime
1926 5885 2109 5959 hirsutis.
