4598 6908
591 647 684 736 llo
1039 657 1626 736 currosrarsra

550 845 605 924 Η.
632 848 798 946 oblongo
823 845 917 922 flore
934 849 1095 950 caeruleo
1120 851 1258 939 minor,
1287 852 1355 950 qui
1373 852 1491 927 variat
1513 853 1608 929 dore
1627 849 1732 942 albo,
1759 849 1952 937 interdum
1971 857 2104 962 mixto,

600 947 723 1025 dilute
737 948 985 1048 suaviterque
1001 949 1172 1026 ruben-tc.
1488 977 1498 998 ·

1057 1073 1060 1078 ·
1201 1052 1248 1125 c.
1267 1022 1395 1128 Bait.
1414 1051 1506 1132 rn.
1524 1061 1586 1130 n.

547 1239 603 1324 Η.
631 1241 796 1348 oblongo
809 1250 906 1326 flore
923 1249 1108 1327 caeruleus
1125 1251 1255 1327 maior.
1748 1305 1752 1312 -

1295 1353 1339 1428 G
1358 1351 1488 1428 Baro.
1507 1353 1597 1430 Pin.
1616 1362 1675 1432 43.

545 1541 600 1622 Η.
627 1547 787 1626 floribus
805 1551 1041 1650 campanulae
1057 1571 1137 1626 uno
1152 1575 1265 1626 versu
1284 1551 1491 1652 dispositis.

1429 1654 1471 1726 C.
1491 1653 1620 1727 Bonis.
1639 1653 1727 1729 Pin.
1747 1664 1806 1732 44.

543 1839 597 1920 Η.
624 1846 717 1922 flore
734 1848 862 1937 rubro,
888 1849 947 1922 rel
966 1855 1069 1923 totus
1087 1847 1210 1939 albus,
1238 1851 1477 1952 campanilia.
1528 1851 1623 1930 Lab.
1637 1855 1735 1929 Ado.
1748 1883 1833 1956 par.
1851 1871 1888 1934 2·

543 2042 597 2121 Η.
624 2054 727 2122 totus
745 2049 870 2136 arbas,
897 2004 1137 2148 campanula.
1163 2047 1818 2153 Jolt.Baul.Hiu.Pl.p.e.1oo.

1653 2154 1786 2253 absque
1804 2155 1974 2255 descript.

543 2342 596 2420 Η.
627 2334 740 2420 Flore
754 2347 885 2422 rubro.
910 2343 973 2420 dd.
992 2344 1084 2422 ibid.
1135 2346 1457 2449 obsqucdercrrpt.
1557 2363 1562 2374 ’

541 2539 594 2616 Η.
621 2542 743 2619 minor
754 2535 979 2643 ⁸hispanicus
997 2533 1260 2637 angustiioiius
1279 2549 1469 2622 caeruleus
1486 2557 1524 2623 et
1541 2550 1664 2626 albus.

1041 2653 1045 2660 ’
1340 2645 1430 2720 Jolt.
1448 2647 1576 2722 Baulr.
1595 2650 1697 2723 Hirr.
1714 2649 1777 2724 Pl.
1796 2657 1832 2725 2.
1846 2678 1889 2749 p.
1910 2657 1997 2727 587.

540 2841 595 2918 H.
614 2838 796 2920 'stellatus
815 2841 1198 2932 carano-violaceus,
1225 2843 1529 2942 campanulatus.
1554 2845 1696 2922 Borrel
1710 2847 1767 2923 Ic.
1792 2855 1872 2924 183.

534 3038 688 3117 Scrurn
715 3047 1002 3140 conrpurrulola,
1029 3041 1147 3116 bulbo
1165 3042 1304 3131 solido,
1332 3068 1481 3120 racemo
1504 3044 1709 3120 multifloro
1734 3046 2094 3144 oblongo-subcoui·

586 3163 651 3229 co,
676 3142 830 3216 corollis
844 3141 1126 3238 campanulatis
1143 3147 1298 3229 erectis,
1325 3143 1489 3236 bracteis
1513 3144 1699 3243 bipartitis
1715 3147 1937 3244 pedunculo
1957 3149 2095 3248 longio·

584 3239 712 3328 ribus,
738 3239 837 3314 toliis
864 3239 1100 3316 lanceolatis
1148 3241 1274 3316 Willd.
1302 3269 1396 3341 spec.
1419 3243 1548 3319 Plant.
1577 3248 1648 3319 ool.
1674 3259 1710 3321 2.
1731 3273 1825 3344 puga
1854 3253 1935 3330 199.
1961 3249 2015 3325 It.
2039 3249 2095 3323 La

583 3338 723 3415 Murclc
738 3337 828 3414 Dic.
849 3338 948 3414 Erec.
972 3336 1074 3416 Tom.
1098 3338 1165 3416 VI.
1177 3369 1218 3440 p.
1239 3349 1324 3429 740,
1353 3355 1387 3414 et
1404 3343 1549 3418 Illrmlr.
1570 3345 1662 3420 Gen.
1684 3344 1774 3420 Tul.
1794 3350 1951 3444 aessfig.
1969 3354 2008 3424 2.

534 3732 678 3818 Ranrx
714 3733 902 3836 ¹bulbosa3
935 3731 1081 3818 bulbus
1117 3729 1529 3829 orato-subrutundus,
1567 3764 1666 3839 saepe
1692 3737 1952 3820 crassitudine¹
1984 3741 2089 3817 nucis

561 3843 784 3920 avellaueoe
801 3856 874 3920 aut·
886 3843 1002 3940 paulo
1017 3839 1149 3930 maior,
1169 3841 1382 3934 tunicatus3
1406 3840 1544 3916 tunicis
1561 3851 1727 3941 quatuor
1744 3839 1793 3912 ad
1806 3861 1894 3942 xsex,
1917 3840 2090 3916 exteriori

580 3944 812 4030 tenuissima,
840 3968 888 4015 ex
906 3954 1027 4014 terreo
1044 3943 1165 4024 fusca,
1194 3941 1232 4013 in
1251 3943 1400 4034 longam
1426 3940 1597 4035 vaginam
1623 3937 1961 4028 membranaceam,
1988 3939 2091 4014 solio-

581 4061 666 4110 rum
690 4039 850 4135 petiolos
877 4037 985 4110 albos
1011 4038 1230 4110 imbricatos
1257 4041 1553 4132 amplexantem,
1581 4047 1774 4134 protensa,
1801 4036 2040 4112 interioribus
2065 4063 2089 4112 a

467 4209 469 4214 .
579 4136 662 4209 basi
679 4135 905 4234 petiolorum
924 4133 1080 4208 dilatate
1096 4133 1241 4208 effectis
1259 4135 1415 4222 crassis,
1442 4135 1556 4219 albis,
1585 4135 1715 4208 stricte
1734 4135 1922 4232 contiguis
1947 4140 2018 4224 ita,
2046 4148 2089 4212 ut

580 4233 723 4309 bulbus
742 4234 997 4313 solidusesse
1013 4231 1201 4321 videatur,
1229 4233 1412 4320 inodoris‚
1442 4256 1577 4329 sapore
1594 4231 1780 4308 herbaceo
1803 4234 1868 4308 rix
1891 4253 1935 4310 ac
1961 4261 2008 4310 ne
2024 4236 2087 4310 vix

579 4335 675 4424 acri,
702 4348 746 4408 ut
763 4345 842 4408 tota
859 4332 1000 4431 planta.
1028 4330 1132 4406 Intra
1149 4329 1297 4406 tunicas
1317 4333 1366 4406 ad
1384 4331 1489 4429 scapi
1508 4334 1626 4418 latus,
1654 4355 1732 4430 qua
1749 4343 1856 4430 parte
1873 4335 2000 4410 medid
2016 4339 2086 4411 iste

580 4434 689 4509 bulbi
706 4432 860 4508 basilari
882 4433 983 4506 nodo
1000 4430 1188 4517 inseritur,
1214 4454 1363 4528 gemma
1385 4431 1473 4506 novi
1490 4431 1655 4506 bulbulii
1673 4432 1858 4520 exoritur,
1884 4443 1922 4507 et
1937 4435 1990 4510 ibi
2003 4434 2085 4528 jam

579 4537 619 4608 in
639 4535 776 4633 plantae
792 4533 1031 4610 florescentid
1047 4531 1120 4606 sita
1135 4529 1385 4628 conspicitur,
1409 4530 1578 4618 minima,
1606 4540 1734 4619 acuta,
1763 4529 1866 4614 alba:
1892 4535 2080 4609 interdum

581 4657 738 4734 quoque
764 4659 811 4708 ex
829 4635 944 4708 latere
962 4631 1133 4726 ejusdem
1157 4631 1246 4704 nodi
1267 4629 1456 4719 basilaris,
1485 4631 1587 4704 uude
1604 4629 1783 4704 radiculae
1801 4631 1937 4706 albidae
1954 4634 1992 4706 in
2009 4657 2083 4707 am·

578 4734 662 4810 bitu
679 4735 920 4834 proveniunt,
947 4729 1133 4807 bulbuius
1150 4729 1248 4804 alius
1265 4754 1386 4806 novus
1403 4729 1735 4828 oblongiusculus,
1763 4739 1876 4820 teres,
1904 4729 2079 4820 obtusus,

576 4834 705 4924 albus,
732 4835 843 4936 quasi
861 4857 937 4908 uua
953 4831 1127 4908 radicula
1142 4830 1556 4937 emssiorlbreviorque,
1583 4831 1742 4904 deorsus
1761 4829 1917 4929 oblique
1934 4842 2079 4930 protru-

578 4933 692 5009 ditur.
1259 5027 1270 5068 ἢ

408 5153 410 5158 “
529 5129 662 5212 Fonrn
689 5133 814 5208 omnia
830 5131 1028 5220 radicalia,
1055 5130 1127 5205 tria
1149 5131 1198 5203 ad
1217 5128 1406 5228 quinque,
1434 5155 1535 5228 saepe
1554 5129 1715 5227 anguste
1738 5132 1966 5222 lanceolata,
1992 5156 2077 5208 acu-

577 5231 762 5320 tiuscula,
788 5230 1040 5328 integerrima,
1068 5229 1248 5326 utrinque
1272 5231 1408 5328 glabra,
1425 5243 1462 5304 et
1480 5230 1627 5317 viridia,
1656 5257 1773 5330 supra
1797 5235 1926 5308 leviter
1943 5230 2076 5307 canali·

578 5331 723 5419 calata,
750 5331 887 5406 subtus
910 5329 1076 5404 carinata
1100 5328 1253 5426 (carind
1276 5330 1429 5418 obtusi,
1458 5330 1611 5426 striatd)
1637 5330 1676 5406 iu
1699 5333 1882 5430 petiolum
1906 5331 2074 5429 longum,
2131 5405 2136 5415 ,

575 5428 890 5518 canaliculatum,
917 5431 1065 5516 album,
1093 5439 1298 5519 attenuata,
1327 5429 1415 5527 plus
1438 5433 1564 5504 minus
1587 5441 1711 5504 erecta
1734 5427 1913 5529 primdm,
1941 5431 2073 5507 deiude

574 5533 613 5606 in
639 5540 777 5606 terram
802 5553 975 5618 recurva,
1010 5529 1198 5614 interdum
1223 5529 1318 5604 infra
1344 5529 1510 5604 medium
1537 5529 1814 5621 subundulata,
1854 5557 1921 5608 seu
1948 5530 2073 5605 ieviter

572 5641 764 5716 contorta,
794 5629 965 5729 quinque
985 5629 1036 5702 ad
1053 5629 1232 5702 tredecim
1251 5629 1382 5704 uncias
1400 5631 1527 5726 ionga,
1555 5639 1630 5703 tres
1654 5631 1702 5704 ad
1721 5632 1851 5706 decem
1871 5631 1986 5705 lineas
2010 5637 2072 5702 aut

573 5732 690 5830 paulo
707 5731 806 5806 ultra
822 5728 860 5804 in
877 5727 1002 5804 medio
1019 5727 1106 5818 iata,
1132 5751 1292 5826 scapum
1318 5731 1485 5827 (racemo
1501 5751 1576 5802 non
1596 5732 1820 5830 supputato)
1841 5729 2070 5830 longitudine

572 5857 675 5930 caspe
690 5829 888 5930 aequantia,
916 5831 1037 5906 rarius
1053 5827 1137 5929 ipso
1155 5830 1270 5929 paulo
1288 5829 1458 5906 breviora
1477 5837 1544 5903 aut
1561 5827 1739 5927 longiora.
