4562 6940
486 627 562 724 ba
955 605 1544 715 narroonannra

454 833 627 916 'hunnus
656 833 807 932 spicati:
828 829 946 928 spicae
965 830 1192 915 terminales
1211 832 1376 918 alternae,
1400 830 1570 916 lineares,
1590 826 1920 918 bi-lriuncialesve,
1940 830 2021 903 bre·

515 936 905 1034 viterperlunc-ulatae,
933 957 1037 1028 saepe
1057 933 1165 1018 binae,
1194 931 1382 1004 interdum
1402 943 1530 1012 ternae,
1554 928 1675 1003 rar‘uls
1695 943 1899 1026 qrratcmoe,
1919 928 2020 1004 arcte

516 1039 642 1114 rachis
666 1063 745 1110 sure
766 1033 860 1107 facie
877 1033 1022 1104 intemal
1045 1031 1113 1106 sibi
1136 1031 1293 1104 invicem
1313 1031 1597 1129 approximate,
1627 1043 1663 1103 et
1681 1033 1732 1102 ita
1750 1056 1850 1126 saepe
1868 1033 2018 1127 adpres-

516 1167 580 1222 sae,
609 1151 651 1210 ut
667 1136 817 1210 unicam
843 1132 986 1230 spicam
1013 1131 1287 1230 subancipitem
1312 1131 1549 1204 mentiantur.
1582 1129 1725 1202 Rachia
1748 1131 1892 1226 postico
1910 1133 2023 1204 triau-

516 1237 670 1335 gularis,
699 1235 829 1331 ibique
846 1233 1047 1308 florensem
1064 1229 1164 1304 varie
1184 1234 1231 1304 ob
1250 1232 1432 1306 flosculos
1451 1232 1652 1326 ariprcssos
1670 1243 1871 1319 excavata;
1899 1231 2020 1306 antiae

517 1364 584 1412 sen
605 1336 705 1410 iubis
723 1336 825 1407 naida
843 1343 880 1406 et
898 1333 947 1404 ob
962 1335 1088 1428 spicas
1107 1332 1177 1404 sibi
1196 1332 1352 1406 invicem
1372 1333 1573 1428 adpressas
1592 1329 1843 1426 planiuscula.
1865 1331 1896 1402 F
1900 1331 2024 1406 losen-

515 1439 541 1510 li
555 1437 812 1521 arrrilatamleS,
833 1433 1004 1518 solitarii,
1032 1432 1194 1517 sessiles,
1217 1433 1348 1519 erecti,
1378 1430 1600 1529 duplicique
1618 1430 1711 1502 serie
1729 1431 1938 1504 alternatim
1956 1433 2023 1505 im·

514 1537 661 1610 bricati.

468 1736 612 1812 ‘Cunrx
629 1733 835 1817 uniflorus·
851 1733 1047 1828 biglumis3
1063 1731 1183 1806 valvis
1204 1731 1417 1818 linearibus,
1437 1729 1753 1818 acutia··uurtioiS‚
1776 1728 2022 1826 complicato-

518 1835 714 1928 car⁴inatis3
741 1838 857 1909 altera
875 1833 1049 1905 interiore
1067 1833 1142 1904 fere
1161 1833 1317 1906 dimidio
1338 1831 1516 1919 breviore,
1544 1830 1742 1926 multoque
1759 1830 1987 1927 angustiore.

457 2023 1286 2130 ²Cua0am'lbtgtu1nis3valvistanceolatis,
1315 2031 1508 2116 concavis,
1537 2028 1731 2111 carinatis
1761 2029 2023 2128 calycepaulo

516 2135 748 2231 longioribus
768 2147 805 2206 et
823 2134 1035 2224 latioribus3
1062 2136 1178 2206 altera
1197 2136 1481 2209 membranacea
1500 2131 1615 2227 paulo
1633 2127 1775 2201 maiori.

468 2333 596 2410 Satn.
636 2332 844 2406 Filamenta
871 2330 959 2416 tria,
992 2330 1137 2409 brevia,
1173 2329 1445 2413 crassiuscula,
1481 2328 1562 2401 basi
1589 2328 1736 2416 latiora,
1765 2333 2019 2428 complanata,

496 2431 679 2530 '‘hyalina.
707 2431 1078 2518 Antheroelineares,
1106 2430 1227 2503 diluta
1244 2431 1500 2504 flavescentes.

704 2625 969 2708 Naccararum
989 2629 1051 2703 rix
1069 2630 1190 2702 ullum
1210 2629 1490 2715 mibiinnotuit,
1517 2628 1588 2702 nisi
1606 2629 1707 2704 basis
1726 2632 1800 2704 lata
1815 2639 1854 2705 at.
1870 2631 2022 2728 hyalino

764 2733 874 2804 trium
894 2731 1182 2804 filamentorum.

467 2931 580 3010 Pisa.
606 2934 772 3007 German
802 2921 1020 3028 oblongum,
1048 2930 1125 3006 terh
1153 2933 1385 3006 subulatnm.
1414 2930 1511 3026 Styli
1538 2931 1633 3018 duo,
1662 2930 1780 3027 longi,
1809 2931 2019 3032 capillatos.

515 3033 698 3130 Stigmata
716 3043 854 3119 exerta,
885 3033 1018 3129 longa,¹
1035 3045 1073 3105 et
1090 3033 1409 3130 longitudinaliter
1426 3035 1571 3106 villosa.

461 3233 612 3309 'Sanan
642 3232 858 3330 oblongum,
887 3231 1180 3324 acutiusculnm,
1208 3234 1393 3331 glabrum,
1422 3231 1564 3306 corolla
1580 3239 1735 3306 tectum.

466 3400 573 3530 Hau.
601 3434 637 3508 in
658 3434 790 3510 lutosis
807 3417 854 3510 'et
869 3434 1068 3532 gramineis
1085 3433 1297 3521 maritimis,
1324 3456 1427 3528 aqua
1446 3433 1546 3504 salsa
1571 3430 1741 3527 quotidie
1767 3433 1942 3506 affluente
1967 3442 2022 3510 te·

515 3535 604 3623 ctis,
633 3539 670 3610 in
697 3536 904 3634 Algarbiis,
933 3537 982 3610 ad
1000 3534 1150 3630 Tagum
1177 3557 1295 3630 prope
1321 3531 1450 3604 Seirai
1473 3542 1511 3604 et
1536 3530 1729 3616 Suoavem,
1757 3532 1806 3605 ad
1832 3531 2023 3612 Mundam

512 3660 633 3736 prope
651 3637 838 3738 Figaeira,
865 3649 904 3712 et
920 3636 1011 3710 alibi
1022 3637 1103 3711 l'ore
1120 3635 1170 3707 ad
1188 3629 1477 3707 omnia-Oceani
1496 3627 1707 3706 Lusitanici
1725 3629 1861 3706 littora.

457 3837 594 3916 Fons.
620 3839 772 3914 ineunte
788 3845 983 3914 autumno.
1012 3833 1142 3912 Perea.

470 4035 587 4110 Usus.
616 4037 908 4130 Algarbienses,
922 4037 988 4132 qni
1006 4039 1056 4108 ad
1073 4055 1179 4110 oram¹
1192 4038 1416 4110 maritimam
1435 4036 1617 4120 habitant,
1646 4035 1718 4106 hac
1737 4037 1866 4131 planta
1883 4037 2020 4126 mulos,

517 4159 650 4231 eqnoS,
676 4138 925 4231 jumentaque
943 4137 1157 4230 frequenter
1174 4153 1301 4211 aestate
1319 4149 1356 4208 et
1374 4145 1555 4206 autumno
1573 4135 1692 4211 alunt,
1715 4135 1940 4233 nullumque
1958 4163 2023 4235 pa·

518 4235 649 4307 bulum
675 4233 774 4306 omni
800 4235 925 4332 pecori
949 4233 1138 4309 salubrius
1156 4241 1380 4334 gratiusque
1403 4234 1475 4306 isto
1494 4259 1577 4308 esse
1595 4235 1819 4328 praedicant,
1847 4239 1949 4332 quod
1970 4241 2022 4311 sa·

506 4333 592 4408 *cilo
620 4336 770 4420 credas,
800 4336 830 4408 si
858 4337 903 4408 ad
925 4341 1040 4409 totius
1068 4341 1204 4434 plantae
1232 4340 1344 4410 libras
1370 4347 1534 4418 teneras,
1562 4339 1844 4432 praesertimque
1870 4339 1919 4410 ad
1937 4339 2020 4432 ejus

517 4435 741 4508 saccharum
760 4437 837 4509 sale
855 4437 996 4509 marino
1012 4438 1228 4512 inunixtum
1248 4436 1433 4508 attendas.
1549 4497 1552 4503 .

452 4636 563 4710 “Ons
591 4634 628 4710 Α
651 4633 816 4732 Dactyla
835 4638 973 4713 removi
997 4641 1044 4711 ob
1063 4639 1231 4732 calyeem
1256 4657 1330 4708 non
1349 4633 1604 4720 multiflorum,
1632 4645 1670 4708 et
1690 4636 1736 4708 ob
1754 4633 1866 4710 liores
1886 4663 2021 4712 secun·

517 4737 586 4810 dos
613 4737 648 4809 iu
669 4739 771 4810 rachi
797 4736 1283 4836 complanata-triangulari.
1313 4735 1506 4809 Phalaridi
1535 4739 1620 4829 plns
1648 4735 1783 4820 affinia
1811 4738 1880 4810 sed
1905 4741 2020 4812 iacies

516 4837 678 4908 totaliter
696 4837 855 4913 diversa.
885 4840 1008 4913 Nimis
1027 4862 1184 4936 quoque
1209 4837 1398 4910 nonnullis
1420 4835 1649 4908 Rottboelliae
1673 4834 1870 4930 speciebus
1895 4861 2023 4912 recen-

516 4935 652 5006 tiorum
675 4935 944 5012 Botunicorum
971 4941 1106 5024 affinis,
1136 4940 1201 5012 sed
1222 4938 1308 5012 cum
1335 4937 1371 5010 in
1393 4935 1486 5007 reris
1507 4933 1737 5007 Rottboelliis
1764 4935 1869 5030 spica
1896 4939 1944 5010 sit
1967 4951 2021 5010 te-

517 5057 588 5119 res,
603 5034 673 5104 uel
692 5059 739 5107 ex
760 5039 863 5110 tereti
882 5059 1108 5134 compressa,
1132 5052 1169 5110 ct
1184 5039 1310 5111 rachis
1329 5049 1387 5109 sat
1404 5036 1551 5108 diversa
1569 5035 1616 5106 ab
1634 5035 1699 5106 illa
1716 5049 1851 5110 nostrae
1872 5038 2018 5133 plantae,

500 5159 604 5229 ··quae
625 5133 709 5206 binc
728 5137 978 5231 triangularis,
1007 5137 1113 5211 disco
1132 5136 1310 5209 flosculos
1329 5137 1462 5219 serena,
1486 5133 1559 5206 oris
1579 5135 1847 5228 marginalibus
1865 5137 2021 5234 aequalis

502 5248 554 5305 et
571 5232 939 5323 sulttltembt‘anaceu,
967 5238 1055 5310 inde
1075 5240 1196 5332 plana,
1225 5235 1357 5309 nullibi
1375 5236 1583 5320 articulata,
1608 5233 1693 5308 ideo
1712 5241 1838 5332 potius
1857 5239 1904 5308 ad
1926 5237 2020 5310 Pas

517 5333 605 5428 pala
622 5335 744 5417 retuli,
776 5357 938 5433 quorum
963 5336 1221 5432 spicis'racbis
1240 5336 1390 5426 similis;
1417 5361 1484 5408 nec
1504 5335 1629 5408 obstat
1645 5335 1747 5409 floris
1765 5337 2022 5432 integumenta

517 5457 589 5505 non
618 5435 828 5509 orbiculata
852 5461 957 5522 esse,
982 5461 1080 5508 wnam
1107 5435 1145 5509 iu
1172 5436 1403 5534 quibusdam
1434 5435 1586 5532 Paspnli
1613 5436 1811 5532 speciebus
1837 5438 1920 5532 ipsa
1946 5461 2020 5509 nou

517 5532 647 5629 partlm
675 5539 722 5606 ab
743 5541 813 5610 ista
839 5537 957 5609 forma
983 5537 1141 5622 distant,
1169 5552 1207 5610 et
1227 5539 1296 5610 boc
1323 5548 1468 5609 tantum
1495 5536 1632 5607 exinde
1658 5537 1795 5609 deduci
1816 5561 1928 5633 posse
1952 5559 2019 5610 ex-

512 5632 651 5806 {iiim'
680 5638 933 5736 quodrplanta
951 5651 1078 5714 nostra
1095 5637 1189 5711 iuter
1207 5656 1312 5711 veras
1333 5635 1574 5711 Rotthoellias
1601 5646 1638 5708 et
1657 5659 1742 5709 vera
1765 5637 1929 5734 Paspala
1945 5661 2021 5710 rne-

507 5771 513 5790 ›
542 5759 578 5807 ia
595 5750 654 5809 stt.
