4562 6940
635 633 640 646 '
772 629 1219 721 austrinis—0

306 987 348 1040 ἕν’..
356 995 1692 1057 ῌ-υ--ι-υ-κῂ--ὴ-υ-ἈΜῌᾘΟᾈᾏ

334 1042 341 1056 ἱ

423 1207 1078 1313 TRIANTHERIA
1129 1201 1575 1305 DISTYLIA.

972 1506 1016 1594 7.

671 1758 1012 1856 PANICUM
1055 1769 1329 1852 arenarium·

560 2033 656 2108 Lus.
684 2035 931 2122 Alcornoclre,
956 2059 988 2108 s.
1018 2033 1249 2107 Escolroclro
1270 1979 1319 2106 dir
1338 2056 1438 2106 orco.

222 2234 267 2312 P.
296 2235 424 2310 radice
441 2243 611 2330 repente;
638 2235 766 2307 culmo
783 2245 927 2324 erecl03
955 2235 1134 2330 panicula
1152 2233 1374 2328 composita,
1396 2230 1510 2305 ramis
1529 2229 1781 2330 erecto-patu-

272 2338 335 2419 lis;
367 2335 563 2429 calycibus
580 2333 734 2420 bifloris,
756 2333 987 2432 polygamis3
1014 2334 1112 2408 soliis
1131 2333 1347 2422 linearibus,
1365 2331 1508 2432 vaginis
1526 2334 1575 2406 ad
1594 2333 1779 2430 margines

272 2437 416 2535 pilosis,
473 2434 576 2506 Brut.
595 2433 696 2508 Flor.
716 2434 833 2506 Lusit.

219 2639 291 2713 An
321 2635 486 2710 Gramen
506 2634 698 2708 canarium
719 2632 980 2732 spiceampla,
1010 2633 1259 2709 Lusitanum?
1601 2703 1607 2730 ¹

1067 2737 1182 2809 Grisl.
1207 2733 1325 2808 Virid.
1348 2721 1467 2808 Lusii.
1486 2756 1523 2810 n.
1542 2733 1631 2808 610.

224 3140 368 3216 Ramx
400 3141 594 3238 perennis,
620 3141 836 3231 siticulosa,
866 3145 975 3238 longe
999 3145 1151 3239 lateque
1174 3151 1325 3242 repens,
1353 3131 1495 3216 multos
1519 3127 1667 3217 culmos
1690 3151 1784 3241 vage

272 3242 431 3337 erigens,
460 3241 599 3328 albida,
626 3242 851 3338 geniculata,
880 3243 982 3318 fibris
1001 3243 1130 3342 rigidis
1149 3239 1197 3317 ad
1216 3237 1390 3339 genicula
1408 3242 1596 3341 capillata,
1624 3241 1787 3340 vaginis-

269 3367 350 3440 que
377 3341 592 3438 squamosis
617 3343 769 3431 vestita,
796 3351 838 3416 ut
855 3343 919 3416 illa
939 3341 1032 3418 Pan.
1061 3345 1218 3446 dactyli,
1248 3347 1307 3416 cui
1332 3333 1445 3442 valde
1472 3341 1623 3420 similis:
1651 3337 1785 3418 adulta

270 3439 308 3516 in
328 3443 410 3516 solo
429 3440 558 3540 pingui
578 3466 645 3539 per
662 3444 857 3518 intervalla
876 3445 1048 3532 crassior,
1077 3463 1143 3520 seu
1163 3441 1504 3531 nodoso-bulbosa,
1533 3450 1575 3518 ut
1597 3443 1635 3518 in
1656 3432 1787 3518 Arbu-

271 3541 446 3628 dinibus,
474 3541 584 3616 nodis
610 3545 857 3639 gemmiferis,
889 3571 989 3620 nunc
1017 3546 1189 3640 oblongis
1216 3544 1468 3620 crassitudine
1493 3545 1601 3642 digiti
1619 3543 1785 3643 minimi,

229 3699 234 3710 .
270 3667 373 3718 nunc
395 3643 639 3738 sunglmosis
652 3644 762 3718 nucis
779 3647 980 3718 stellaneae
998 3643 1266 3741 magnitudine.

228 3837 365 3914 Cumss
385 3841 448 3913 alii
465 3865 513 3914 ex
528 3842 776 3916 crassioribus
794 3846 904 3920 nodis
921 3845 1091 3917 bulbosis
1111 3843 1249 3916 radicis
1264 3843 1453 3940 cespitosi,
1473 3843 1535 3914 alii
1553 3866 1601 3915 ex
1615 3841 1786 3918 viticula·
1887 3865 1891 3872 ·

276 3963 362 4013 rum
389 3940 598 4037 repentium
624 3941 809 4036 geniculis
828 3941 1002 4026 solitarii,
1031 3939 1170 4040 's'aepius
1191 3943 1321 4030 ererli,
1350 3958 1434 4015 raro
1453 3927 1619 4039 obliqui,
1646 3943 1786 4038 glabri,

277 4040 328 4113 ad
344 4039 482 4114 florum
503 4065 625 4135 usque
644 4039 856 4136 paniculam
877 4041 1048 4136 vaginati,
1075 4043 1368 4141 geniculatique,
1395 4043 1536 4118 inferne
1560 4066 1635 4116 uuo
1653 4042 1789 4119 altero·

278 4149 324 4213 ve'
341 4149 460 4225 ramo,
491 4140 680 4213 communi
702 4139 835 4238 vagina
859 4166 944 4214 cum
966 4141 1094 4216 culmo
1113 4140 1271 4232 rescitis,
1299 4138 1485 4240 geniculis
1509 4138 1559 4216 ad
1578 4141 1681 4216 basin
1701 4169 1787 4242 pro·

278 4239 563 4337 pinguioribus,
590 4239 779 4314 interdum
805 4241 1082 4335 radicadtlbus3
1118 4243 1167 4315 ad
1194 4262 1312 4316 rmum
1339 4237 1475 4342 pedem
1504 4241 1641 4342 sapius
1669 4245 1786 4342 longi,

279 4363 550 4438 nonnunquam
570 4339 606 4413 in
624 4340 813 4415 umbrosis
830 4343 1118 4442 sesquipedales
1135 4353 1172 4416 et
1192 4343 1301 4417 ultra.

232 4543 363 4617 Fomn
389 4539 554 4626 linearia,
582 4549 707 4623 acuta,
735 4539 987 4619 schemmata,
1015 4542 1353 4628 subcanaliculata,
1382 4542 1525 4626 striata,
1553 4556 1668 4640 supra
1686 4543 1790 4616 etad

281 4664 367 4714 oras
384 4637 654 4725 scabriuscula,
684 4638 862 4735 utrinque
884 4643 1140 4736 pubescentia,
1169 4641 1344 4736 palentia,
1374 4663 1402 4712 s.
1424 4641 1707 4738 erecto-patula,
1735 4644 1789 4714 al·

282 4751 398 4826 terna,
422 4737 617 4835 superiora
635 4741 752 4833 paulo
770 4739 867 4810 inter
883 4761 966 4813 sese
984 4741 1194 4825 remotiora,
1221 4751 1296 4812 tres
1316 4733 1364 4812 ad
1384 4751 1549 4836 quatuor
1566 4739 1683 4813 lineus
1702 4743 1789 4829 lata,

283 4851 358 4913 tres
377 4840 426 4912 ad
444 4847 586 4934 septem
607 4838 738 4910 uncias
758 4838 880 4934 longa,
899 4839 1042 4934 vaginis
1060 4839 1223 4911 maxime
1241 4836 1290 4910 ad
1309 4839 1493 4934 margines
1511 4839 1656 4936 pilosis
1682 4839 1792 4916 biun-

282 4939 444 5015 cialibus
461 4951 500 5011 et
519 4938 628 5024 ultra,
654 4939 702 5010 ab
722 4961 796 5010 uno
813 4939 861 5010 ad
880 4939 1037 5012 alterum
1056 4937 1273 5036 geniculum
1291 4939 1468 5028 extensis,
1495 4939 1646 5029 striatis,
1673 4939 1792 5038 ligula

282 5040 448 5114 maxima
464 5040 761 5125 membranacea,
791 5038 927 5126 lacera,
955 5040 1088 5138 pilosa,
1117 5037 1316 5114 coronatis.

237 5237 450 5316 Particum
477 5241 576 5323 laxo,
604 5238 693 5337 plus
711 5239 882 5314 minusve
900 5237 1152 5338 semipedalis,
1181 5240 1295 5314 rachi.
1319 5251 1463 5334 erecta3
1489 5241 1602 5315 ramis
1623 5243 1791 5337 alternis,

287 5341 422 5434 saepins
440 5340 628 5426 solitariis,
650 5343 946 5438 erecto—patulis,
965 5341 1160 5427 flexuosis,
1187 5345 1391 5416 retrorsum
1412 5341 1695 5431 scabriusculis,
1723 5368 1793 5417 nu-

285 5440 356 5522 dis,
384 5440 421 5512 in
440 5464 609 5514 racemos
634 5457 737 5512 raros
756 5442 976 5532 subdivisis;
1004 5441 1230 5537 pedunculis
1248 5442 1425 5516 extremis
1444 5441 1583 5540 saepius
1601 5442 1713 5516 etiam
1731 5467 1792 5516 so·

287 5538 435 5626 lituris,
465 5541 651 5626 unifloris,
681 5539 884 5628 biflorisve,
912 5542 1256 5627 subsetilormibns,
1284 5543 1360 5615 lere
1383 5541 1590 5640 oppressis3
1626 5541 1793 5616 nnilloris

252 5690 255 5698 ·
286 5637 478 5724 brevibus‘,
507 5641 700 5714 autetiam
720 5639 916 5738 aliquibus
938 5642 1086 5738 spicula
1108 5641 1224 5740 paulo
1243 5639 1495 5740 longioribus}
1522 5641 1664 5715 bifloris
1687 5639 1792 5738 pedi·

285 5738 386 5814 cello
402 5739 520 5813 altero
541 5738 772 5828 brevissimo,
800 5743 917 5817 altero
935 5743 1084 5840 spicula
1101 5743 1290 5840 longiore.¹

1233 5947 1298 6011 n2
