4584 6912
603 711 702 818 204
1038 730 1623 814 ruttoentrnra

616 932 760 1029 purius,
789 931 912 1026 stylus
939 926 1039 1014 aliis,
1067 938 1104 1001 et
1129 925 1255 1000 alteris
1282 923 1459 998 columna
1484 916 1701 1015 genitalium
1729 913 1838 1012 apice
1863 913 2100 1002 antberilera,

530 1069 535 1076 ·
617 1029 759 1106 inferne
786 1032 920 1126 stigma
948 1030 1088 1114 ferens,
1131 1026 1355 1102 nominatur.
1394 1022 1588 1108 ‚Antberas
1615 1019 1712 1092 duas
1738 1041 1823 1093 esse
1851 1013 2032 1096 Hellerus
2067 1029 2106 1088 et

621 1130 803 1206 Linnaeus
829 1129 1114 1216 existimabant3
1154 1126 1217 1198 alii
1243 1121 1331 1197 verb
1368 1147 1455 1196 cum
1483 1117 1707 1195 Adunsonio
1734 1116 1881 1189 unicam
1918 1141 2002 1190 esse
2027 1141 2104 1188 cre-

620 1230 727 1306 dunt.
769 1230 948 1306 Hallerus
986 1251 1051 1325 pro
1078 1227 1316 1300 antirerarum
1344 1222 1534 1296 filameuto
1565 1219 1729 1292 habebut
1763 1216 1867 1314 quod
1897 1217 2020 1309 stylus
2056 1216 2103 1288 ab

620 1331 702 1402 aliis
727 1330 858 1424 postea
885 1340 1144 1424 nuncupatum
1173 1337 1241 1400 est.
1272 1323 1451 1400 Linuaeus
1477 1315 1784 1394 auteruantberis
1811 1316 1980 1412 singuiis,
2008 1341 2105 1414 qtras

621 1431 694 1504 sub
729 1430 813 1504 labii
841 1427 1047 1526 superioris
1082 1424 1235 1500 nectarii
1262 1421 1503 1520 duplicatura
1526 1416 1736 1492 -bilocul'ari
1774 1416 1985 1490 reconditas
2022 1441 2125 1490 esse

620 1530 779 1614 notarit,
814 1530 1043 1602 lilamentum
1071 1525 1332 1600 brevissimum
1360 1521 1501 1620 pistillo
1526 1518 1693 1593 insidens
1720 1515 1863 1590 tribuit.
1898 1515 2103 1628 Jussieeus,

623 1628 933 1710 Willdeuowlus,
963 1627 1103 1723 aliique
1128 1623 1304 1698 neoterici
1332 1620 1524 1704 Botanici,
1553 1619 1727 1690 antheras
1754 1616 1801 1688 ab
1831 1615 1986 1690 Hallero
2016 1616 2104 1689 Lm-

621 1753 780 1827 naeoque
817 1729 869 1802 uti
894 1729 991 1800 eluas
1020 1725 1166 1799 liabitas
1195 1721 1339 1796 nonnisi
1367 1718 1560 1816 congeries
1594 1719 1694 1790 iluas
1719 1711 1962 1811 granulorurn
1999 1715 2106 1811 polli-

624 1828 696 1913 nis,
722 1855 787 1901 seu
809 1851 951 1901 tnassas
980 1826 1077 1898 duas
1098 1823 1314 1920 pollinarias
1340 1821 1376 1896 in
1397 1821 1522 1894 unicas
1547 1818 1709 1892 antirerae
1734 1816 1886 1922 duobus
1913 1827 2106 1889 contentas
2136 1892 2140 1900 ,

622 1925 762 2000 loculis
787 1951 869 2002 esse
895 1925 1150 2014 contendunt,
1186 1923 1376 2007 filamentu
1402 1917 1488 1994 verb
1524 1916 1602 1994 duo
1624 1941 1661 1990 ,α
1691 1914 1844 1992 Liuuusu
1875 1927 2004 1988 notata
2029 1928 2109 1988 tan·

624 2024 823 2100 tummorltl
850 2025 1017 2122 stipites,
1051 2037 1171 2111 setas,
1200 2048 1267 2096 seu
1293 2019 1500 2118 pedieellos
1525 2018 1692 2114 ipsarum
1723 2015 1873 2113 pollinis
1899 2035 2107 2090 tnesaurum

624 2123 708 2208 esse
734 2127 956 2226 opinantur,
984 2137 1021 2198 et
1046 2125 1201 2198 anthera
1226 2121 1369 2198 sessilis
1395 2119 1573 2217 styloque
1597 2119 1738 2191 adnutu
1765 2117 1813 2192 ab
1840 2115 1932 2214 ipsis
1959 2115 2107 2190 dicitur.

575 2323 622 2398 lu
652 2325 902 2424 Ophrydibus
930 2324 1065 2399 nostris
1091 2323 1223 2398 florele
1248 2323 1545 2419 integumentum
1572 2317 1622 2391 ob
1639 2300 1848 2413 analogiam
1878 2337 1965 2392 cum
1993 2314 2109 2411 pluri·

624 2449 768 2496 marum
789 2425 1064 2500 Orcbitleurutu
1092 2424 1234 2496 corolla
1259 2423 1411 2496 omuino
1436 2419 1602 2494 coloratu
1625 2417 1902 2510 tenerriuraque
1929 2413 2110 2489 corollam

624 2522 717 2597 dixi.
749 2523 889 2598 Eurum
916 2523 1026 2598 flores
1054 2523 1205 2597 duabus
1231 2521 1395 2596 antheris
1422 2521 1582 2594 (lunatos
1609 2543 1692 2594 esse
1719 2541 1806 2591 curu
1838 2517 1995 2590 Liumso
2021 2539 2111 2590 con·

619 2620 734 2716 jicio,
774 2623 844 2700 boc
876 2635 1000 2697 autem
1037 2622 1087 2697 ob
1113 2621 1280 2720 ipsarum
1318 2621 1557 2694 antberaruru
1590 2613 1824 2692 'structuram
1861 2615 2109 2713 singularem,

625 2721 777 2820 pollinis
803 2724 900 2799 enim
927 2747 1043 2820 grana
1068 2748 1143 2797 non
1171 2723 1306 2796 loculis
1332 2721 1536 2803 adbaerent,
1564 2720 1632 2792 sud
1659 2713 1802 2791 tanturn
1828 2718 2022 2796 filamento
2049 2737 2112 2812 pe·

627 2821 884 2912 dicelliformi‚
929 2824 1036 2921 quod
1071 2847 1095 2896 a
1121 2822 1325 2920 parietibus
1352 2821 1571 2894 loculorum.
1590 2817 1742 2910 omniuo
1769 2817 1963 2902 solutum,
1995 2825 2113 2913 atque

627 2919 769 2996 inferne
795 2923 994 2998 tuberculo
1018 2922 1198 3020 globoso,
1226 2947 1294 2997 seu
1320 2918 1512 3018 glandulas
1539 2943 1725 3023 mucosus,
1753 2915 1969 3020 impositum
1998 2927 2036 2989 et
2061 2915 2114 2989 in·

626 3033 769 3098 sertum
794 3037 863 3098 est.
901 3023 991 3096 Nou
1015 3023 1264 3119 incongruum
1300 3032 1428 3096 tumen
1453 3017 1604 3099 unicam
1634 3013 1828 3092 antherum
1865 3015 2113 3090 biloculurent

578 3195 583 3210 ,
625 3118 783 3196 istarum
809 3122 1023 3218 plautatum
1048 3121 1208 3202 floribus
1232 3121 1456 3210 attribuere,
1497 3121 1623 3218 neque
1655 3117 1730 3194 lroc
1752 3117 1940 3220 analogiae
1965 3126 2115 3190 contra-

577 3284 583 3300 ,
626 3216 724 3293 rium
751 3242 835 3294 esse
859 3222 997 3309 futsnn,
1033 3221 1121 3296 culm
1149 3234 1292 3297 nutura
1325 3245 1476 3320 scopus·
1494 3221 1677 3294 antheras.
1701 3218 1930 3308 biloculurus
1947 3215 2112 3314 -potius,

627 3313 744 3412 quum
773 3317 1034 3404 uniloculares,
1062 3321 1222 3392 formare
1248 3321 1386 3416 saepius
1414 3321 1473 3394 sit.
1500 3319 1720 3394 Nectarium
1747 3317 2037 3415 monophyllum
2064 3316 2116 3389 bi·

626 3413 822 3503 lubiatum,
849 3416 961 3510 cujus
987 3415 1127 3490 labium
1154 3416 1308 3490 inferius
1330 3443 1421 3492 cum
1448 3417 1633 3515 superiori
1658 3416 1800 3491 inferne
1827 3418 2011 3492 coalitum
2036 3427 2112 3503 est,

628 3511 785 3590 Linnaeo
811 3515 911 3590 duce
928 3517 1124 3589 admittere
1151 3539 1223 3588 non
1241 3515 1490 3611 incongruum
1509 3539 1666 3612 quoqne
1683 3541 1767 3590 esse
1784 3515 2021 3590 existimari:
2049 3539 2114 3614 pro

579 3689 586 3705 ‚
625 3611 727 3690 labio
754 3629 880 3692 autem
906 3615 1090 3714 superiori
1115 3613 1478 3690 habeo'ctllumuuru
1506 3616 1738 3710 gynaudram
1765 3615 1919 3707 germini
1947 3607 2114 3688 insident

579 3775 589 3788 .
626 3726 722 3802 tem,
751 3715 841 3816 plus
864 3717 1034 3791 minusve
1059 3727 1272 3802 arcuatam,
1299 3715 1421 3788 antico
1447 3726 1683 3801 excavatum,
1714 3715 1857 3810 postice
1882 3730 2111 3800 convexam,

579 3873 586 3886 .
624 3827 664 3888 et
681 3821 753 3890 snb
779 3817 932 3892 cor-otte
959 3840 1137 3915 supremo
1164 3816 1289 3914 petalo
1314 3815 1438 3913 (quod
1465 3816 1514 3888 ab
1533 3814 1616 3888 aliis
1643 3814 1794 3888 corollae
1821 3815 1927 3910 galea
1956 3815 2113 3912 dicitur)

627 3913 749 3987 sitam.
787 3917 1016 3989 Columnare
1053 3917 1154 3991 istud
1183 3941 1364 4014 organum
1392 3915 1534 4012 stylum
1561 3914 1713 3987 insimul
1755 3939 1840 3990 cum
1869 3915 2046 4010 stigmate
2078 3926 2115 3990 et

626 4013 790 4085 sotheris
815 4016 853 4088 in
878 4041 918 4088 se
943 4016 1119 4092 continet.
1158 4015 1291 4111 Stylus
1317 4015 1407 4088 rnibi
1434 4039 1546 4088 verus
1571 4027 1629 4088 est
1653 4027 1732 4088 tota
1757 4015 1842 4106 ejus
1869 4038 1956 4110 pars
1982 4015 2113 4088 dorsa-

627 4110 674 4184 lis
700 4134 887 4198 convexa,
915 4140 1076 4211 superne
1101 4116 1303 4212 angustior·
1319 4127 1358 4190 et
1384 4114 1533 4201 exilior,
1561 4117 1699 4188 obtusa
1726 4115 1784 4186 vel
1811 4129 1943 4202 acuta,
1970 4112 2113 4189 interne

627 4209 788 4284 crassior
822 4223 859 4284 et
885 4213 1012 4298 latior,
1051 4241 1137 4311 quae
1165 4213 1394 4310 marginibus
1421 4213 1719 4288 confluentibus·
1738 4215 1837 4286 labio
1863 4214 2026 4288 inseri-ori
2053 4239 2114 4288 ne·

585 4344 589 4353 ·
627 4309 733 4384 clarii
762 4310 906 4396 unitur,
935 4312 1120 4407 istiusque
1146 4313 1291 4386 laticem
1319 4313 1431 4385 simul
1458 4337 1544 4386 cum
1573 4313 1746 4407 stigmate
1771 4315 1978 4388 constituit.
2016 4313 2111 4409 Sug-
2215 4363 2222 4376 ι

584 4469 588 4477 ,
628 4433 690 4484 tna
713 4408 834 4486 fornix
860 4421 918 4484 est
942 4409 1114 4502 ejusdem
1142 4411 1261 4483 faucis
1287 4411 1487 4496 madidus,
1524 4423 1736 4486 antrorsum
1772 4413 1810 4486 in
1837 4413 2111 4511 duosproees-

627 4533 705 4594 sus,
733 4531 800 4584 seu
816 4509 1019 4606 glandulas
1045 4509 1140 4584 duas
1158 4510 1374 4605 globulures
1401 4533 1577 4584 mucosus
1605 4525 1812 4608 porrectus,
1868 4513 1987 4587 ostice
2013 4513 2111 4608 stylo
2184 4577 2189 4588 ,

584 4609 788 4683 f'adnutus
815 4623 852 4686 et
876 4635 962 4686 cum
991 4609 1072 4708 ipso
1098 4612 1291 4685 confusus
1319 4609 1522 4686 Glandulis
1547 4609 1810 4706 globuluribus
1835 4537 2025 4686 Elementa
2051 4635 2112 4685 an·

583 4792 592 4809 ·
629 4708 817 4785 tlrerarum
840 4711 1042 4808 pollinaria
1067 4711 1206 4784 inserta
1231 4723 1332 4800 sunt,
1358 4727 1539 4785 eteorum
1567 4711 1683 4786 loculi
1705 4713 1991 4801 membranacei,
2017 4714 2112 4791 inter

627 4832 712 4884 sese
736 4809 914 4899 distincti,
943 4813 1038 4910 parti
1065 4811 1154 4906 styli
1181 4836 1367 4908 supremus
1393 4810 1518 4886 anuos
1544 4812 1749 4888 adhaeoenr.

925 5009 1228 5087 nsesnunu
1256 5014 1429 5109 (repen)
1456 5031 1542 5110 pag.
1569 5017 1617 5086 ss
1642 5013 1753 5090 aare.

580 5205 664 5280 Oba.
702 5219 754 5283 a·
789 5207 1050 5306 Synonymum
1079 5209 1332 5298 Tournet'ortii
1366 5210 1418 5289 ad
1446 5209 1792 5310 nostrumstirpem
1829 5211 1956 5308 potius
1992 5211 2109 5310 quum

627 5307 678 5378 ad
704 5306 814 5380 uliam
840 5311 1074 5384 referendum
1103 5327 1185 5382 esse
1212 5309 1371 5384 videtur.
1410 5309 1603 5407 Asperula
1640 5313 1781 5386 birrum
1817 5314 1917 5386 Clar.
1949 5312 2109 5386 Desinu-

583 5456 587 5464 ·
627 5405 747 5480 taines
773 5407 841 5482 etsi
868 5409 978 5481 cuule
1003 5421 1128 5483 erecto
1156 5409 1246 5493 lteri,
1282 5407 1381 5484 soliis
1405 5409 1563 5505 glaucis,
1592 5413 1743 5487 corollae
1772 5410 1915 5486 laciniis
1941 5405 2110 5487 nlotnets

626 5506 818 5620 differens,
846 5507 883 5582 iu
909 5507 1065 5610 reliquis
1092 5531 1179 5586 cum
1206 5519 1336 5586 nostru
1360 5509 1547 5600 convenit,
1574 5523 1613 5587 et
1638 5511 1733 5589 tortu
1761 5513 1910 5591 nonnisi·
1934 5514 2104 5612 ejusdam

555 5681 557 5686 .
622 5619 793 5685 uarietas.
1788 5635 1792 5667 2
