4562 6940
794 643 1248 739 nusrnnnrrn.
1699 633 1767 730 29

249 827 353 915 Pru.
379 841 538 918 nullum.
569 839 691 936 Calyx
709 861 969 938 compressus,
997 841 1139 913 semina
1164 837 1337 911 infundo
1362 845 1462 911 arcte
1480 839 1620 913 fovens,
1649 833 1803 918 Semina

301 965 384 1014 raro
403 953 577 1039 quatuor
605 940 788 1014 nonnulla
805 939 1038 1028 abortientia
1067 939 1316 1023 subrutunda,
1345 939 1497 1012 sordide
1514 940 1621 1012 flava

253 1140 358 1215 His.
386 1142 481 1213 inter
499 1141 643 1238 lapides
662 1141 853 1214 calcareas
871 1151 909 1214 et
927 1141 963 1212 in
984 1141 1065 1213 solo
1084 1140 1179 1210 duro
1199 1141 1368 1211 calcareo
1387 1139 1540 1210 collium
1559 1139 1607 1212 da
1625 1139 1803 1214 Mormon-

301 1255 335 1312 ιο
363 1255 480 1337 prope
499 1239 732 1337 Olisiponem
759 1231 948 1337 frequens,
978 1245 1013 1312 in
1034 1239 1195 1312 collibus
1223 1264 1377 1334 quoque
1405 1261 1552 1332 prope
1547 1237 1737 1314 Sacellum
1759 1243 1800 1318 S

300 1338 432 1414 Luoiae
459 1340 557 1412 circa
587 1340 885 1428 Conimbrieam,
913 1351 950 1412 et
975 1338 1103 1427 alibi
1094 1362 1131 1409 m
1151 1337 1261 1410 Beira
1288 1350 1325 1410 et
1342 1339 1635 1411 Extremadura.
1674 1341 1803 1414 Floret

300 1438 415 1528 Juli0‚
443 1440 632 1535 Augusto.
661 1439 866 1514 SuffruteX.

251 1637 348 1712 Ous,
377 1640 500 1737 Sapor
516 1640 688 1713 loliorum
715 1648 752 1711 et
770 1639 1022 1735 capitulorum
1047 1640 1250 1711 acerrimus
1278 1647 1350 1725 est,
1380 1641 1474 1712 odor
1501 1646 1543 1712 ut
1561 1639 1622 1710 ille
1641 1637 1802 1714 aliorum

300 1740 537 1835 Thymorum
564 1749 602 1813 et
628 1739 813 1830 Saturejae
842 1739 1043 1826 hortensis,
1073 1739 1139 1812 sed
1163 1741 1308 1827 sorti0r3
1335 1739 1421 1811 ideo
1450 1763 1517 1834 pro
1545 1761 1631 1810 reru
1649 1737 1801 1832 Thymo

300 1840 554 1935 antiquorum,
585 1837 834 1924 Dioscuridis,
864 1835 976 1911 Plinii
996 1851 1033 1911 et
1051 1837 1199 1922 Galeni
1228 1838 1275 1908 ab
1294 1837 1383 1932 ipsis
1404 1841 1450 1909 ob
1471 1849 1687 1932 praestantes
1706 1838 1801 1911 vires

217 1953 220 1959 '
298 1939 479 2024 medicas,
507 1947 848 2032 emmenagogaset
833 1939 968 2026 talias,
997 1961 1234 2032 summopere
1253 1937 1418 2020 laudato
1446 1937 1679 2022 assaumnis,
1710 1937 1801 2010 Clu-

304 2039 365 2110 sio.
384 2049 421 2109 et
438 2037 520 2110 aliis
546 2035 789 2132 probabiliter
813 2037 964 2110 habitus
987 2047 1055 2110 est.
1085 2035 1327 2108 Recentiores
1353 2047 1474 2108 tamen
1493 2035 1668 2109 Botanioi
1693 2037 1801 2110 illum

304 2135 467 2227 Saturej'
459 2161 490 2208 rs
508 2137 780 2228 adj-unxerunt,
809 2141 966 2209 fortasse
989 2139 1092 2208 obt
1057 2163 1074 2208 s
1077 2135 1216 2208 tamina
1239 2137 1417 2208 distantia
1435 2131 1672 2229 corrollaque
1693 2136 1802 2208 altio-

300 2259 352 2322 ra,
381 2237 448 2308 sed
468 2237 581 2328 ealyx
599 2235 784 2330 profunde
801 2236 1017 2322 brlabiatus
1043 2237 1155 2308 fauce
1169 2235 1299 2307 densis
1318 2235 1447 2306 villis
1438 2260 1473 2305 m
1493 2233 1636 2306 authesi
1657 2235 1798 2322 clausa

299 2335 426 2431 ipsum
445 2333 604 2428 Thymio
622 2332 766 2405 restitui
783 2346 955 2431 oportere
974 2335 1154 2419 suadent,
1182 2347 1218 2408 et
1236 2333 1416 2430 quantum
1439 2335 1486 2404 ab
1504 2332 1678 2406 omuibus
1697 2333 1801 2429 Tlry-

295 2440 349 2506 mi
371 2432 569 2528 Cephaloti
588 2433 828 2506 varietatibus
850 2435 1013 2517 differat,
1043 2443 1305 2530 quantumque
1331 2458 1417 2505 cum
1436 2456 1522 2504 vero
1542 2433 1692 2526 Thymo
1712 2432 1802 2506 Cre-

300 2533 377 2606 tico
396 2535 585 2606 Autorum
604 2533 640 2604 in
661 2533 892 2628 synonymia
910 2538 1108 2606 citatorum
1128 2533 1333 2618 conveniat,
1353 2531 1443 2606 satis
1462 2557 1509 2604 ex
1528 2532 1615 2603 data
1634 2532 1801 2629 descrip*

300 2633 402 2706 tione
430 2643 543 2727 patet.
570 2631 743 2727 Thymus
771 2633 997 2716 nninidieus,
1025 2646 1062 2704 et
1088 2631 1161 2704 Th.
1184 2631 1391 2728 hispanicus
1420 2632 1501 2728 (Lo
1532 2631 1666 2702 Marcie
1700 2633 1799 2705 Dict.

299 2733 396 2806 Eue.
418 2731 516 2806 Tum.
542 2731 840 2828 V11.pag.6m
861 2747 894 2804 et
910 2732 1102 2842 seqlnus
1100 2755 1144 2804 ro
1088 2733 1257 2804 adeo
1276 2731 1414 2816 affines
1444 2743 1485 2802 ut
1502 2730 1585 2821 e'us
1603 2734 1799 2803 varietates

301 2856 385 2904 esse
412 2834 627 2922 videantur;
659 2845 821 2904 attamen
849 2831 1051 2928 praesertim
1081 2832 1163 2902 ab
1158 2854 1240 2926 ipso
1269 2831 1445 2902 differunt
1471 2755 1567 2901 follis
1596 2828 1797 2902 linearibus

263 2930 555 3029 nervosisque,
584 2932 743 3006 bracteis
767 2931 903 3004 florum
923 2930 1152 3025 longitudine
1175 2940 1291 3030 atque
1312 2932 1494 3018 nervosis
1522 2929 1652 3024 calyce
1664 2929 1798 3004 striato

297 3025 460 3121 hirsuto,
487 3033 655 3130 denique
673 3031 816 3108 corolla
833 3031 941 3106 valde
955 3030 1102 3108 minori.
