4562 6940
501 617 1549 808 ·Jossmsua

416 1171 1741 1342 PORTUGAL1AE‚BRASILIAE,
1839 1159 1841 1164 ’

1046 1489 1106 1538 ΕΤ

597 1695 1266 1805 ALGARBIORUM
1318 1703 1550 1837 REGI,

479 1919 482 1928 i
907 1985 994 2110 bro.
1036 1985 1124 2112 bra.
1166 1989 1254 2113 bra.

1084 3114 1089 3122 ·
1150 3089 1267 3171 REX
1291 3087 1703 3178 AUGUSTISSIME

309 3603 630 3837 Melqnum
675 3731 776 3836 ἁμαὶ
817 3759 939 3814 omues
985 3733 1116 3841 gentes·
1157 3752 1352 3841 supremae
1387 3730 1583 3840 potestatis
1625 3733 1850 3816 attributati

303 3841 486 3943 protectio
514 3870 779 3950 usquequaque
812 3843 942 3924 babita
969 3859 1049 3923 est:
1094 3847 1189 3922 banc
1222 3847 1308 3923 Tibi
1334 3845 1504 3922 innatam
1549 3871 1639 3947 erga
1665 3844 1851 3926 scientias

291 3951 499 4056 bonasque
536 3953 569 4030 Α
577 3955 652 4029 ries
681 3953 871 4030 emiversas
905 3964 1095 4034 eteorum
1126 3956 1284 4034 caltores
1313 3981 1387 4034 nau
1418 3953 1569 4048 minus,
1613 3957 1726 4057 qubm
1757 3957 1851 4034 olias

311 4067 483 4166 egregias
507 4061 627 4140 animi
650 4063 751 4163 dotes
778 4061 1004 4162 acairtates,
1037 4063 1170 4172 quibus
1188 4064 1338 4162 emines,
1363 4065 1562 4168 praedicat
1585 4063 1700 4150 arbis;
1730 4064 1852 4144 Tuam

312 4177 549 4271 cornitatem,
594 4174 886 4280 munificentiam
914 4191 951 4256 et
971 4177 1181 4281 pietatem,
1215 4175 1336 4256 Tuam
1365 4175 1403 4254 in
1428 4174 1596 4282 gerendo
1620 4173 1775 4275 publica
1811 4203 1852 4254 re

311 4280 493 4361 admirati
521 4295 609 4363 sant
636 4311 758 4362 omnes
779 4285 1021 4387 prudentiam
1055 4315 1099 4366 ae
1127 4287 1385 4366 dexteritatem
1400 4323 1412 4375 ;
1443 4287 1652 4366 Tematum
1670 4283 1718 4361 in
1744 4309 1853 4362 veroa

309 4419 394 4470 rum
422 4392 633 4476 REGUM
668 4401 901 4499 cuempiam,
952 4397 1003 4478 Te
1036 4397 1199 4502 Imperio
1231 4395 1451 4478 Lusitanico
1483 4396 1523 4474 in
1557 4392 1715 4496 ancipiti
1745 4397 1853 4473 valde

308 4514 430 4596 stata,
461 4505 575 4609 inque
603 4505 716 4612 rebus
740 4507 830 4588 adeo
864 4507 993 4588 arduis
1024 4507 1258 4602 sustinendo,
1290 4507 1441 4588 coelitus
1468 4507 1599 4585 datum
1626 4532 1699 4582 nan
1728 4503 1856 4582 cuncti

310 4613 425 4688 solum
454 4613 595 4690 subditi
624 4613 708 4692 Tibi
736 4616 856 4710 cives,
899 4619 1028 4698 sedin
1056 4619 1264 4697 uniuersum
1293 4645 1437 4724 quoque
1459 4615 1615 4716 Europa
1636 4615 1852 4716 prefitetnr.

311 4719 421 4798 Inter
448 4719 688 4827 quamplures
715 4724 913 4820 Scientias,
943 4755 1039 4833 quas
1061 4754 1265 4830 promoves,
1283 4727 1377 4828 jure
1403 4725 1539 4827 optimo
1565 4722 1791 4802 Batanicam
1820 4733 1856 4802 es

309 4829 577 4938 Agriolagiam
614 4831 733 4910 indies
763 4835 959 4940 bonau'jice
991 4837 1138 4914 tueris.'
1164 4836 1341 4914 Primum
1381 4835 1518 4915 Terrae
1555 4834 1702 4910 bortum
1733 4833 1854 4934 plau-

311 4943 407 5020 tavit
438 4941 601 5038 Dalm,
626 4942 936 5050 primaevumque
961 4947 1145 5024 humanae
1169 4944 1295 5050 gentis
1310 4958 1463 5048 patrem
1492 4967 1535 5020 ac
1551 4944 1792 5020 monareleam
1822 4943 1859 5022 ei

308 5055 476 5132 calanum
505 5054 626 5139 dedits
652 5053 707 5132 sic
734 5055 986 5135 uetustissima
1015 5054 1267 5134 Orientalium
1282 5057 1409 5163 sides,
1445 5050 1498 5132 sio
1525 5081 1651 5140 eorum
1679 5052 1768 5130 libri
1796 5067 1853 5130 te-

310 5175 401 5242 uent
430 5164 648 5244 sanctiores.
677 5164 841 5247 Arbores
872 5179 909 5244 et
933 5167 1064 5246 berbas
1089 5195 1238 5244 noscere
1267 5191 1330 5245 ars
1351 5165 1480 5268 prima
1493 5161 1608 5269 fait,
1631 5163 1762 5265 primo
1781 5162 1856 5240 bu-

310 5273 417 5352 mani
432 5273 582 5378 generis
598 5276 743 5363 studim
770 5281 869 5356 solae
890 5280 1050 5380 plantae
1078 5277 1287 5370 sonabas,
1319 5303 1363 5356 ac
1378 5274 1640 5365 medicamina,
1674 5277 1857 5378 cbmteg-

309 5384 413 5461 mina
433 5383 723 5492 babitaculaque
744 5387 983 5493 primigeniis
1003 5387 1100 5466 ‘alim
1117 5388 1336 5466 mortalibus
1364 5385 1678 5487 suppeditament;
1705 5383 1740 5460 si
1766 5409 1856 5486 ergo

311 5494 551 5596 scientiarum
591 5509 627 5573 et
655 5496 794 5575 artium
825 5495 1001 5577 nobilitas
1029 5500 1075 5576 ab
1102 5524 1231 5576 earum
1262 5496 1490 5602 antiquitate
1522 5493 1746 5597 insimulqne
1773 5491 1854 5568 nti-

314 5603 421 5680 litate
436 5606 565 5706 fluit,
608 5609 736 5686 nullae
766 5635 856 5688 sane
895 5635 936 5685 re
965 5607 1140 5688 berbaria
1183 5621 1295 5714 atque
1325 5601 1485 5710 agrario
1516 5601 1712 5680 nobiliores
1752 5612 1854 5678 sunt.
1948 5642 1951 5649 ·

311 5711 471 5817 Campos
498 5741 697 5814 conserere,
728 5719 875 5798 arbores
898 5721 1076 5822 plantare
1103 5745 1245 5823 magna
1272 5716 1461 5822 quondam
1496 5713 1599 5814 apud
1625 5711 1767 5790 Persas
1794 5737 1856 5784 re-

309 5825 448 5931 ligione
467 5827 634 5906 babitum
664 5841 731 5910 est.
764 5827 908 5910 Tantae
935 5831 1036 5934 opud
1057 5841 1195 5910 ueteres
1218 5823 1505 6006 qaqstimationis
1518 5821 1612 5929 sirit
1631 5825 1856 5946 ploratorum
