4598 6908
769 529 1244 608 ¹nusrasuru.
1666 519 1759 614 153

304 723 416 800 antea
442 715 573 794 florele
598 722 637 794 et
659 715 801 816 spicam
828 716 971 792 sensim
996 716 1172 813 elongato
1196 717 1259 802 ita,
1287 719 1331 788 ut
1353 716 1392 788 iu
1414 715 1562 790 fructos
1578 719 1794 798 maturitate

267 897 273 904 ,
306 816 410 914 spica
433 837 580 914 semper
602 815 821 915 apraedicto
849 817 940 892 folio
965 816 1059 914 plus'
1076 818 1248 890 minusve
1270 823 1412 888 remota
1439 813 1489 890 wsit
1506 839 1551 889 ac
1567 817 1791 897 ebracteata.
1845 881 1847 890 .

303 905 587 1016 Nonnunquam
610 917 646 990 in
660 917 893 1012 pedunculn,
921 911 1105 990 distanter
1126 915 1174 988 ab
1192 911 1310 1010 spica,
1335 913 1413 990 duo
1430 912 1518 989 lolia
1542 917 1618 990 fere
1640 923 1793 1018 opposi-

303 1023 352 1104 ta,
372 1040 489 1094 unum
512 1019 629 1090 altero
646 1015 783 1103 minus,
802 1027 1027 1111 occurrunt,
1052 1027 1143 1090 tunc
1159 1007 1291 1090 loliurn
1308 1010 1431 1090 minus
1456 1015 1507 1090 ad
1522 1041 1707 1112 gemmam
1724 1015 1793 1096 do·

302 1107 418 1190 ralem
436 1116 641 1192 abortiram
658 1117 800 1192 attinet.
1048 1133 1050 1141 ’

201 1373 203 1376 .
253 1305 383 1388 Seteia
409 1311 633 1404 ‘terminales
660 1317 806 1406 erectae,
832 1307 1138 1413 oblongiusculae,
1158 1315 1316 1404 obtusae,
1336 1315 1720 1418 orato-cylindraceae,
1739 1317 1795 1396 la-

302 1413 463 1488 titudine
487 1425 528 1490 et
553 1415 786 1512 longitudine
810 1415 919 1514 quasi
947 1426 988 1489 ut
1018 1413 1090 1490 illae‘
1113 1413 1258 1489 Tritolii
1280 1418 1455 1506 aroensis,
1480 1419 1704 1508 densiflorae,
1734 1445 1794 1495 ar-

299 1523 573 1610 recto-setos'ae3
601 1514 638 1588 in
667 1518 810 1592 autheni
836 1539 937 1614 saepe
959 1515 1070 1588 unica
1092 1515 1269 1600 solitaria,
1292 1515 1481 1591 interdurn
1505 1521 1590 1594 duae
1615 1521 1794 1617 approxi-

298 1622 424 1698 matam
442 1612 660 1689 brevissime
675 1615 952 1713 pedunculatae,
977 1615 1050 1689 sub
1068 1615 1294 1711 pedunculis
1313 1615 1460 1710 singula
1474 1642 1553 1700 ¹uno
1570 1619 1657 1694 folio
1674 1619 1796 1694 florali

298 1710 504 1883 {instructa
530 1723 618 1812 post
638 1715 809 1788 enthesin
827 1737 974 1811 semper
989 1714 1112 1802 nudae,
1139 1713 1322 1804 solitarie,
1346 1716 1432 1812 plus
1446 1715 1616 1792 minusve
1634 1724 1730 1793 inter
1752 1744 1813 1794 se·

328 1821 495 1888 rstantes.
1896 1827 1899 1832 ’

247 2007 393 2084 Canux
420 2009 636 2100 obconiaus,
656 2003 820 2096 albidus,
836 2007 961 2086 nervis
986 2009 1115 2085 decern
1140 2009 1322 2086 viridibus
1340 2005 1513 2098 striatas,
1532 2023 1659 2089 ventre
1678 2038 1793 2090 unam

300 2109 434 2181 lineam
460 2111 581 2207 longo,
610 2111 789 2196 hirsutus,
815 2111 1186 2208 quinquedentatus;
1214 2111 1392 2185 dentibus
1415 2114 1535 2185 ovatis
1561 2114 1793 2212 aequalibus‚'

297 2205 542 2306 brevissimis,
568 2211 685 2284 dense
711 2208 833 2298 hirtis,
857 2213 967 2304 apice
997 2209 1176 2300 setiferis3
1212 2210 1301 2284 setis
1327 2208 1600 2304 rigidiusculis,
1632 2239 1796 2310 semper·

295 2306 452 2396 strictis,
478 2333 545 2383 seu
567 2309 734 2398 arrectis,
756 2307 982 2407 aequalibus,
1005 2319 1133 2382 ventre
1154 2305 1296 2404 calycis
1318 2307 1394 2383 fere
1412 2309 1524 2404 triplo
1543 2309 1796 2408 longioribus,

295 2408 454 2501 pilosis3
481 2409 567 2505 pilis
584 2435 690 2498 raris,
717 2409 900 2504 rigidulis,
924 2407 1187 2506 inaequalibus,
1215 2408 1424 2484 enodibus:
1449 2407 1665 2486 fructiferas
1682 2414 1797 2488 turni·

300 2505 513 2596 diusculus,
539 2509 640 2584 collo
660 2519 890 2584 contractus.

247 2699 443 2778 Cenoma
468 2706 738 2804 papilionacea,
755 2731 903 2796 carnea,
923 2699 1064 2805 calycis
1090 2699 1266 2780 dentibus
1284 2699 1452 2797 setaceis,
1476 2705 1553 2780 sere
1571 2707 1703 2805 duplo,
1725 2731 1797 2784 seu

297 2801 430 2877 saltem
453 2815 468 2893 ᾗ
488 2807 621 2894 minor,
639 2809 841 2896 emarcida,
860 2819 1031 2905 tuncque
1046 2807 1253 2881 incurvata.

443 3001 670 3078 Vuxrtnuu
694 3013 872 3094 erectum,
895 2993 1192 3088 acutiusculum,
1217 3004 1434 3099 oblongum,
1459 3005 1796 3098 rublanceolatum,
1882 3030 1886 3038 ·

491 3128 618 3199 ungue
641 3106 728 3190 lato,
747 3106 831 3178 aliis
853 3102 988 3201 petalis
1013 3127 1088 3176 non
1103 3103 1298 3189 coalitum,
1325 3103 1391 3178 illa
1408 3115 1532 3178 tamen
1554 3115 1593 3179 et
1608 3105 1800 3180 canalicu-

492 3202 571 3274 lum
598 3203 801 3276 staminum
824 3203 1107 3298 cylindraceurn
1129 3203 1343 3300 equitanter
1365 3208 1608 3302 amplectens,
1636 3207 1706 3280 alis
1732 3205 1799 3281 vix

491 3300 658 3397 longius,
685 3313 723 3374 et
754 3302 801 3375 ab
826 3301 919 3400 ipsis
946 3301 1151 3400 cariuaque
1183 3301 1246 3375 vix
1272 3302 1436 3400 superne
1468 3314 1665 3378 remotum.
1692 3303 1795 3393 Aroe,

493 3397 642 3487 Carina,
671 3401 853 3491 Stamina,
881 3412 919 3476 et
935 3400 1141 3490 Pistillum,
1161 3401 1259 3476 utin
1275 3400 1433 3477 Trifolio
1449 3401 1680 3500 semiglabro,

243 3599 392 3674 Panto.
420 3597 610 3694 Legumen
639 3601 984 3687 membranaceum,
1019 3598 1315 3683 subrotuudum,
1352 3594 1541 3679 univalve,
1577 3614 1798 3695 monosper·

292 3719 411 3784 mum,
428 3699 574 3794 calycis
592 3713 719 3772 ventre
736 3713 889 3787 tectum,
907 3696 1068 3772 inferiori
1086 3703 1192 3794 parte
1209 3697 1370 3767 lacerate
1388 3691 1599 3768 dehiscens.

244 3895 390 3968 Suuuu
418 3892 880 3984 submtundoreniforme,
898 3893 1104 3970 lutescens.

242 4087 353 4167 Han.
379 4091 417 4164 iu
445 4089 607 4164 collibus
631 4099 673 4164 et
700 4075 1110 4190 dumetis,praesertir'n
1134 4090 1231 4165 inter
1255 4086 1396 4176 Quinta
1426 4091 1495 4163 dar
1516 4103 1602 4163 cette
1614 4056 1742 4190 fontes
1764 4101 1800 4182 et

297 4189 370 4262 Vol
386 4190 562 4273 Domina,
581 4211 699 4286 prope
724 4188 1015 4278 conimbricam,
1043 4201 1081 4265 et
1097 4191 1185 4264 alibi
1208 4189 1246 4262 in
1264 4189 1397 4285 Beira;
1422 4189 1534 4264 edam
1558 4190 1597 4262 in
1615 4188 1800 4266 Cintratt

278 4288 380 4362 *alibi
397 4288 436 4362 in
453 4287 752 4364 Extremadura.
774 4288 905 4364 Floret
919 4289 1008 4366 Jun.
1036 4291 1059 4364 J
1065 4291 1150 4365 ulio.
1178 4289 1283 4366 Arm.

167 4471 169 4476 ’
235 4481 417 4560 Puanrn
444 4485 601 4560 inodora
625 4496 664 4562 et
685 4509 821 4586 sapore
845 4489 1031 4563 herbaceo
1056 4489 1244 4586 praedita:
1272 4486 1401 4584 pecori
1427 4509 1665 4582 summopere
1681 4495 1815 4584 grata·

238 4684 328 4757 Oba.
361 4693 408 4758 l.·
446 4683 620 4756 Medium
652 4683 749 4758 inter
775 4679 979 4758 Trifolium
1011 4686 1228 4782 lappaceom
1267 4691 1305 4755 et
1338 4680 1432 4757 Tris.
1466 4707 1630 4770 aroenae,
1659 4684 1801 4782 quibus

183 4789 186 4795 ’
290 4783 444 4870 habitat,
473 4796 510 4855 et
535 4781 741 4878 exquibus
768 4781 972 4878 hybridum
998 4806 1085 4854 esse
1107 4779 1281 4864 videtum
1308 4780 1377 4854 sed
1396 4780 1522 4855 differt
1545 4783 1703 4879 aprimo
1721 4782 1802 4879 spi-

292 4907 339 4955 ca
372 4880 676 4977 oblongiuscula,
708 4906 778 4956 nec
804 4881 973 4978 capitulo
1005 4879 1254 4976 subgloboso,
1284 4879 1427 4974 calycis
1458 4887 1586 4953 ventre
1616 4903 1692 4955 non
1723 4881 1803 4977 gla-

290 4981 372 5066 bro,
398 4981 484 5071 ejus
510 4979 836 5054 dentibns'minus
863 4979 1042 5066 dilatatis,
1072 4979 1241 5076 setisque
1267 5002 1342 5051 non
1367 4980 1463 5052 adeo
1479 4970 1622 5074 ligidis,
1648 5003 1719 5054 nec
1738 5005 1803 5054 co·

290 5078 425 5154 rollam
452 5081 729 5175 monopetelam
754 5076 831 5152 lere
858 5079 1174 5176 aequantibusza
1190 5078 1361 5151 secundo
1386 5079 1498 5152 etiarn
1525 5077 1718 5153 diversum
1744 5080 1803 5153 fo·

291 5177 392 5252 bolis
419 5177 648 5252 brevioribus
680 5190 718 5252 et
742 5177 961 5267 latioribus,
988 5177 1076 5276 pilis
1104 5186 1270 5252 setarum
1296 5177 1439 5274 calycis
1464 5176 1656 5273 rigidulis,
1683 5201 1804 5253 remo·

291 5278 357 5360 tis,
387 5279 584 5362 enodosis,
611 5276 879 5374 inequalibus,
908 5275 975 5374 qui
1006 5275 1045 5350 in
1075 5276 1171 5350 Tril.
1206 5277 1350 5349 arcensi
1381 5277 1576 5363 mollitter,
1605 5279 1804 5375 densaque

291 5375 468 5476 plumosi,
497 5375 643 5462 nodosi,
670 5389 709 5450 et
733 5379 899 5473 aequales
926 5384 1036 5461 suut;
1067 5377 1155 5450 item
1184 5371 1254 5450 alis
1281 5376 1433 5451 corollae
1466 5379 1569 5453 intus
1595 5377 1702 5454 nulla
1727 5401 1807 5454 rua·

292 5477 380 5552 cula
406 5475 611 5576 sanguinea
635 5501 704 5552 seu
730 5489 1026 5576 atro-purpurea
1052 5474 1206 5551 notatis.

1164 5695 1212 5750 00
