4598 6908
550 556 665 668 1³48
1001 571 1594 656 nntrocanrnrt

1566 817 1570 826 '
1617 833 1624 875 r

592 906 1978 1007 ·:·a---—--—------------a

645 1213 1292 1427 'uncnnrnnnrn
1338 1255 1919 1365 nonosrrnrn.

1139 1693 1145 1726 ἲ
1237 1545 1319 1645 68.
1451 1664 1455 1673 ¹

838 1821 1014 1912 TRIF
1028 1819 1271 1910 OLIUM
1330 1817 1686 1936 istlurrocarpum.

503 2083 587 2161 Ta.
617 2081 807 2182 Capitulis
825 2086 963 2172 oratis,
991 2082 1162 2177 flosculis
1182 2067 1399 2180 sessilibus3
1423 2077 1678 2176 leguminibus
1697 2021 1918 2174 dispermis,
1942 2073 2070 2149 medio

560 2183 799 2278 coarctatis3'
819 2184 962 2281 calycis
990 2184 1167 2258 dentibus
1195 2181 1432 2282 aequalibus,
1469 2179 1613 2252 corolla
1642 2175 1895 2268 brevioribns;
1933 2174 2070 2248 foliolis

558 2285 753 2369 obovatis,
792 2283 959 2373 obtusis,
998 2282 1215 2373 serrulatis,
1253 2279 1404 2382 petiolis
1427 2277 1648 2377 peduncnlo
1673 2277 1785 2352 ualde
1811 2275 2090 2370 brevioribus,

560 2385 670 2459 caule
687 2393 888 2481 prostrato,
916 2384 1185 2460 adscendente.

685 2633 835 2653 ι-ι-
1434 2619 1882 2655 mh·-

508 2783 653 2860 Rnnrx
678 2807 819 2874 annua,
855 2784 1046 2859 interdum
1072 2783 1220 2860 biennis
1246 2794 1284 2859 et
1307 2783 1409 2860 ultra
1427 2787 1473 2859 in
1498 2782 1714 2882 uliginosis,
1750 2783 1907 2870 fibrosa,
1933 2803 2071 2879 sapore

558 2885 755 2975 herbaceo,
783 2894 821 2960 et
838 2885 1007 2975 inodora,
1037 2895 1079 2961 ut
1096 2895 1175 2960 tota
1192 2886 1333 2983 planta.

501 3080 670 3158 *Cannas
697 3085 827 3182 plures
844 3111 893 3160 ex
910 3086 1041 3160 eadem
1066 3084 1209 3174 radice,
1223 3087 1406 3184 quinque
1424 3085 1476 3160 ad
1499 3085 1644 3174 decem,
1669 3082 1975 3182 procumbentes,
2001 3083 2070 3156 ad·

556 3184 794 3270 scandentes,
822 3185 954 3282 glabri,
983 3196 1026 3260 ut
1043 3195 1123 3261 totu
1139 3187 1278 3284 planta,
1300 3187 1529 3273 subterales,
1550 3183 1862 3282 depressiuscnli,
1895 3181 2069 3271 fistulosi,

555 3285 701 3358 inferne
713 3283 771 3358 lili
789 3288 923 3360 sutorii
941 3285 1204 3376 crassitudine,
1233 3287 1463 3386 semipedem
1483 3287 1530 3360 ad
1548 3286 1685 3383 pedem
1708 3295 1746 3359 et
1764 3285 1864 3358 ultra
1881 3283 1994 3380 longi,
2022 3309 2071 3358 ex

434 3469 439 3480 ¹
550 3382 640 3458 *basi
658 3383 709 3458 ad
722 3383 872 3483 apicem
883 3390 1047 3461 “ramosi:
1074 3387 1337 3475 ramialterni,
1366 3385 1503 3484 patuli,
1532 3389 1641 3460 caule
1659 3384 1865 3472 breviores,
1893 3407 2071 3481 procum-

426 3557 430 3565 ,
551 3481 712 3570 luentes,
740 3484 915 3584 apicibus
943 3484 1031 3560 verb
1058 3487 1357 3576 adscendentes,
1384 3486 1529 3560 adime
1549 3484 1671 3570 caulis
1696 3510 1833 3584 parurn
1861 3483 2068 3574 distantes,

556 3583 645 3660 dein
664 3584 815 3676 sensim,
842 3595 886 3662 ut
902 3585 1003 3677 folia,
1030 3586 1262 3663 remotiores.

505 3782 639 3861 Fortu
666 3794 828 3873 temate,
852 3787 1054 3883 petiolum,
1083 3787 1245 3874 alterna,
1272 3785 1424 3885 patula3
1447 3786 1587 3862 foliolis
1606 3785 1903 3874 *subsessilibum
1930 3787 2070 3861 obora-

553 3885 615 3972 tis,
643 3885 929 3976 obtusiuscnlis,
949 3888 1256 3979 submucronatis
1273 3890 1372 3982 (non
1391 3887 1588 3976 truncatis,
1615 3913 1684 3962 nec
1702 3887 1965 3984 emarginatis)
1989 3885 2069 3962 sere

553 3986 756 4079 usquead
784 3985 892 4058 basin
917 3986 1137 4060 tenuissime
1164 3988 1376 4076 serrulatis,
1408 3987 1586 4086 utrinque
1610 3987 1865 4084 glaberrimis:
1903 3989 2067 4086 petiolns

550 4080 677 4178 duplo
704 4082 897 4178 triploque
922 4087 1144 4178 peduncnlo
1171 4087 1335 4176 brevior,
1363 4088 1415 4162 ad
1434 4089 1632 4186 superiora
1656 4088 1780 4167 caulis
1798 4111 2069 4188 ramorumque

555 4183 793 4268 decrescens,
823 4181 1113 4262 canaliculatns.

450 4425 455 4436 .
499 4380 693 4455 aarum
719 4378 888 4464 adnatae,
911 4383 1221 4474 membranaceae,
1248 4409 1416 4460 nervosas
1443 4388 1702 4484 integerrimae,
1729 4387 1838 4487 apice
1863 4387 2064 4478 subulatae,

556 4479 636 4554 basi
653 4478 830 4574 dilatate,
857 4479 1008 4556 caulem
1024 4485 1370 4584 pedunculumque
1387 4487 1670 4585 amplectentes.

506 4677 780 4756 Panuscnnus
813 4679 1008 4769 axillaris,
1041 4685 1301 4776 adscendens,
1328 4685 1480 4784 glaber,
1509 4691 1736 4787 ungulatus,
1762 4689 1939 4778 striatas,
1966 4688 2065 4764 foliis

553 4779 674 4878 duplo
700 4781 892 4880 triploqne
919 4783 1081 4881 longior,
1109 4786 1160 4861 ad
1187 4791 1263 4862 ima
1288 4788 1407 4862 caulis
1433 4813 1537 4888 saepe
1561 4802 1637 4866 tres
1665 4791 1716 4865 ad
1739 4800 1905 4887 quatuor
1931 4789 2065 4864 uncias

415 4895 418 4902 ·
552 4881 701 4979 longae,
729 4881 781 4956 ad
799 4882 920 4981 ipsius
937 4885 1136 4983 superiora
1153 4888 1293 4964 sensim
1312 4888 1470 4978 brevior,
1496 4899 1574 4966 tres
1592 4890 1737 4966 dumne
1758 4887 1890 4964 uncias
1914 4889 2063 4986 longus.

504 5076 751 5154 Cnnrrunun
827 5080 1025 5172 icaeforme,
1051 5094 1219 5174 ovatum,
1247 5109 1381 5162 novem
1402 5090 1452 5164 ad
1469 5088 1648 5165 undecim
1667 5089 1785 5164 lineas
1804 5087 1970 5188 longum,
1997 5092 2064 5165 bu-

552 5183 584 5292 si
605 5105 826 5294 septem&
835 5206 969 5256 novem
988 5183 1125 5271 latum,
1153 5186 1370 5284 aphyllnm,
1398 5190 1550 5266 omuino
1567 5188 1754 5287 glabrum,
1781 5203 1966 5281 erectum,
1994 5191 2063 5266 flo-

392 5373 398 5383 ι
550 5279 656 5390 ribus
673 5288 826 5390 triginta
849 5282 901 5355 ad
919 5281 1197 5382 qninquaginta
1221 5286 1352 5364 leuiter
1371 5288 1517 5377 odoris,
1546 5291 1761 5380 sessilibus,
1789 5288 1908 5366 dense
1927 5317 2065 5392 appro-

549 5385 703 5452 armatu
720 5381 760 5451 in
776 5379 882 5454 rachi
900 5381 950 5455 ad
968 5383 1213 5474 semiunciam
1232 5387 1385 5463 demum
1403 5387 1528 5486 longa
1557 5391 1719 5466 Bructea
1735 5391 1809 5466 sub
1828 5393 1978 5488 singulo
1995 5392 2063 5468 flo-

549 5501 591 5551 re
604 5477 996 5573 salacea-lanceolata,
1011 5485 1241 5578 acuminata,
1259 5487 1402 5588 glabra,
1422 5489 1555 5586 calyce
1568 5490 1726 5568 dimidio
1739 5502 1778 5566 et
1791 5489 1891 5566 ultra
1905 5493 2061 5569 brevior.

497 5677 642 5756 Cnnrx
671 5679 960 5800 monophyllus,
987 5685 1133 5801 glaber,
1163 5686 1387 5804 tubulosns,
1414 5689 1727 5806 decemstriatus,
1755 5691 2061 5806 quinquedenta-

547 5790 630 5870 tus,
658 5780 835 5862 dentulum
852 5807 996 5884 parvis,
1022 5797 1162 5881 ovans,
1188 5787 1348 5887 glabris,
1375 5803 1617 5884 acuminatis,
1645 5791 1874 5895 aequalibus,
1907 5793 2057 5882 erectis,

2291 3499 2296 3702 l
