4512 6932
601 509 703 600 &w
1028 525 1617 602 nuruoonaru1c

570 721 638 796 Au
666 717 875 795 Echioides
900 716 1102 816 nigricans,
1137 714 1248 792 caule
1273 715 1556 816 procumbente,
1581 713 1680 789 foliis
1706 714 1966 812 integerrimis,
1995 719 2096 819 caly-

621 819 731 896 cibus
756 817 956 893 fructiferis
981 815 1170 916 pendulis,
1197 815 1349 894 corollis
1375 816 1508 912 calyce
1532 813 1793 890 brevioribus?

806 919 976 1020 Dersont.
1000 918 1098 992 Flor.
1115 919 1262 992 Atlanti.
1286 931 1317 994 1.
1333 944 1423 1017 pag.
1450 922 1530 994 163.
1550 929 1584 990 ot
1601 913 1658 988 Lu
1676 916 1812 990 March
1829 914 1985 1020 Encycl.
2005 921 2091 997 Bot.

805 1017 938 1120 Suppl.
959 1015 1058 1092 Tan.
1076 1029 1113 1094 2.
1127 1043 1220 1118 pag.
1241 1023 1328 1094 535.

568 1219 651 1296 Oba.
679 1227 727 1296 2.·
763 1219 826 1296 Ob
852 1217 1002 1308 niuniarp
1031 1243 1118 1292 cum
1145 1217 1341 1294 Ancbusis
1364 1217 1593 1306 affinitatem,
1621 1216 1714 1316 ipsis
1740 1215 1913 1310 adjunxi,
1938 1243 2093 1318 praeser-
2127 1229 2137 1240 '

613 1320 679 1396 tim
706 1320 756 1395 ob
782 1319 937 1396 corollae
964 1319 1109 1395 faucem
1138 1318 1350 1416 squamulis
1378 1319 1511 1394 ciliatis
1539 1317 1828 1406 semiclausam,
1866 1343 1983 1418 quas,
2023 1322 2092 1397 etsi

612 1419 863 1508 brevissimas,
891 1420 928 1493 in
947 1418 1078 1518 planta
1103 1417 1179 1494 tium
1199 1431 1405 1518 spontanea
1430 1419 1545 1518 quam
1573 1417 1686 1504 culta,
1714 1441 1862 1516 semper
1885 1420 2090 1496 observavi.

609 1520 716 1597 Clar.
745 1520 804 1595 La
824 1519 963 1594 Marck
989 1520 1142 1594 easdem
1161 1521 1385 1619 squamulae
1411 1519 1447 1594 in
1467 1545 1537 1594 sua
1556 1517 1735 1616 Lycopse
1760 1519 1979 1632 nigricante,
2006 1545 2090 1618 qua

606 1624 743 1696 eadem
770 1645 856 1695 curn
885 1629 1012 1693 nostra
1039 1619 1175 1718 stirpe,
1214 1619 1377 1714 notarit;
1413 1619 1500 1694 ideo
1526 1619 1628 1694 illam
1657 1617 1792 1716 potiori
1813 1617 1899 1712 jure
1930 1620 1980 1694 ad
2009 1621 2089 1694 Au·
2229 1686 2230 1689 ,

608 1721 750 1796 chusar
776 1719 1054 1794 amandandum
1080 1743 1169 1794 esse
1192 1719 1374 1818 perbibet.
1414 1717 1561 1816 Calyx,
1599 1718 1676 1792 sive
1705 1718 1742 1792 in
1768 1717 1915 1794 antbesi
1942 1717 2019 1794 sive
2053 1720 2089 1796 iu

607 1822 752 1896 fructils
780 1819 1014 1906 maturitate,
1051 1819 1276 1908 vesicarius,
1305 1821 1454 1918 plantas
1480 1845 1503 1894 a
1528 1841 1662 1916 genere
1689 1841 1760 1892 suo
1786 1818 1946 1893 naturali
1974 1821 2089 1896 direl-

607 1920 740 1996 leudas
766 1933 855 1994 nota
882 1919 1071 1994 sufficiens
1098 1922 1183 2016 (per
1208 1944 1249 1995 se
1267 1921 1405 2016 solam)
1432 1919 1540 1995 uobis
1567 1928 1736 2006 nonest,
1764 1917 1831 2018 qui
1852 1919 1996 1994 Linnaei
2021 1946 2088 1996 ex·

606 2021 772 2120 emplum
800 2019 837 2094 in
854 2019 1053 2096 Cucubalo
1079 2019 1193 2094 belsan
1218 2031 1256 2094 et
1272 2020 1417 2118 Alysso
1444 2020 1620 2094 vesicario
1646 2016 1776 2094 critice
1803 2019 1933 2094 datum
1960 2021 2086 2120 sequi·

605 2145 703 2197 mur.
742 2121 910 2196 Accedit
934 2119 1053 2208 illud,
1091 2119 1197 2217 quod
1231 2120 1270 2196 in
1297 2119 1492 2196 Auchusis
1519 2120 1632 2216 calyx
1657 2119 1870 2194 fructiferus
1906 2119 1994 2218 plus
2019 2121 2085 2196 mi·

603 2247 723 2296 ususve
760 2245 908 2318 semper
946 2220 1135 2316 augescit,
1173 2220 1421 2318 tumidusque
1457 2220 1538 2295 basi
1565 2221 1617 2294 fit.
1658 2217 1863 2294 Ecbioidea
1899 2219 2086 2320 nigricans

603 2321 707 2398 Clar.
738 2319 1017 2406 Desfontaines,
1046 2321 1276 2396 habitatione
1300 2320 1338 2396 iu
1364 2319 1498 2408 arenis,
1526 2319 1636 2396 caule
1662 2318 1937 2418 procumbenti,
1966 2320 2087 2396 corol-

603 2421 729 2518 laeque
754 2423 864 2495 fauce
891 2421 1028 2518 pervia,
1055 2431 1223 2496 anostra
1248 2421 1366 2520 stirpe
1390 2420 1526 2508 differt,
1553 2445 1642 2518 quae
1670 2418 1780 2494 caule
1806 2419 1894 2517 plus
1914 2419 2084 2496 minusve

602 2531 739 2608 erecto,
765 2522 876 2594 fauce
902 2519 1051 2594 corollas
1078 2521 1291 2618 squamulis
1318 2519 1461 2596 villosis
1487 2519 1724 2608 semiclauso,
1760 2529 1800 2596 et
1818 2543 1917 2618 saepe
1939 2519 1977 2594 iu
2002 2521 2083 2596 solo

601 2620 785 2709 calcaneo,
812 2617 933 2696 raribs
958 2620 996 2692 in
1014 2619 1432 2710 humosa-subarfflato,
1458 2620 1497 2694 in
1516 2619 1716 2696 Lusitania
1741 2629 1877 2718 sponte
1905 2619 2082 2696 nascitur.

551 2820 635 2894 Oba.
664 2815 714 2893 3.·
749 2819 904 2894 Corolia
930 2819 1210 2918 praecocininc
1249 2819 1541 2920 &receptaculo
1577 2819 1811 2916 disjungitur
1845 2816 2083 2915 aliquantbm

598 2918 799 3010 exsiliens,
825 2931 906 2996 tum
925 2918 1059 3017 calyce
1084 2921 1200 3020 paulo
1214 2919 1378 3019 longior,
1404 2921 1499 2994 dum
1525 2917 1616 2994 verb
1640 2920 1716 3018 ipsi
1742 2919 1911 2994 adbaeret
1934 2941 2081 3020 semper

594 3019 733 3116 calyce
757 3019 907 3094 breuior
931 3031 1000 3096 est.
1650 3078 1655 3088 .

639 3199 1070 3304 CYNOGLOSSUM-
1091 3221 1398 3319 (nanum)
1428 3243 1518 3320 pag.
1545 3225 1594 3296 53
1620 3218 1851 3318 Syuoaymis
1877 3217 1990 3298 addc.

542 3407 829 3498 Ouruunonss
854 3415 989 3511 nitida,
1015 3421 1114 3496 follis
1140 3421 1378 3502 inferioribus
1395 3421 1441 3496 iu
1460 3419 1644 3520 petiolum
1668 3418 1877 3519 angustatis
1894 3418 2080 3522 oblongo·

596 3521 816 3598 lanceolatis
842 3521 972 3595 nitidis
999 3519 1279 3619 glabriusculis,
1308 3521 1466 3598 summis
1495 3521 1705 3596 sensilibus.

889 3621 992 3698 Clor.
1010 3621 1156 3724 Hoffm.
1176 3636 1210 3696 et
1227 3621 1328 3696 Lt'nk
1345 3621 1447 3697 Flrr.
1468 3621 1590 3696 Lusit.
1606 3619 1709 3711 Tan,
1730 3621 1765 3696 I.
1778 3645 1866 3720 pag.
1888 3627 1969 3696 tot.

543 3817 649 3893 Iuro.
677 3829 763 3898 ante
789 3822 855 3898 liu.
885 3821 954 3896 ult.
982 3821 1103 3898 adde:
1132 3820 1288 3898 Corolia
1303 3819 1686 3912 infundibuliformis,
1713 3821 1791 3896 fere
1809 3827 1952 3911 rotata,
1978 3822 2074 3900 tubo

452 3987 461 4019 χ
591 3917 680 3994 albo
698 3921 869 4018 calycem
896 3933 1096 4019 aequante;
1124 3921 1241 3997 limbo
1267 3921 1529 4020 quinqueficlo,
1555 3945 1604 3996 ex
1621 3923 1757 3998 eodem
1783 3933 1925 4011 exerto,
1952 3947 2073 3998 caru·

591 4018 836 4105 leo,.laciuiis
862 4021 982 4096 oratis
1012 4021 1248 4117 rotundatis3
1272 4023 1381 4098 fauce
1407 4022 1621 4122 squamulis
1647 4021 1789 4098 albidis
1816 4032 1884 4100 aut
1908 4024 2072 4100 obscure

587 4117 778 4210 violaceis,
805 4122 869 4195 vix
886 4121 1117 4211 flocculosis,
1144 4125 1288 4200 clausa

738 4317 1038 4396 nunuunns
1066 4269 1281 4420 (annua)
1310 4345 1397 4422 pag.
1424 4329 1475 4398 ss
1500 4320 1730 4420 smnymu
1756 4321 1871 4398 auus.

533 4515 794 4596 cussanus
818 4520 1006 4596 bfeuilles
1032 4520 1239 4598 crtnelber.

549 4651 560 4664 ·
581 4642 584 4651 ·
1146 4620 1342 4697 Las-Mara
1359 4621 1458 4699 Erre.
1478 4625 1566 4700 Boc·
1586 4623 1688 4700 Tm.
1706 4623 1742 4699 Ι.
1766 4651 1859 4724 pag.
1882 4631 1970 4702 576.

743 4821 1042 4899 Annuuuls
1069 4825 1265 4923 (susan)
1292 4849 1379 4925 pag.
1402 4833 1453 4934 ‘61
1480 4783 1713 4938 Synslymn
1739 4824 1850 4947 saus

533 5017 786 5096 Cauournue
813 5023 944 5096 brune.

653 5139 656 5146 '
715 5111 721 5125 ’
786 5116 790 5122 ’
854 5169 873 5184 -·
1019 5120 1078 5195 La
1096 5121 1212 5206 Moris
1230 5119 1327 5201 ΕΜ.
1344 5125 1432 5201 But.
1453 5125 1587 5236 Suppl.
1609 5123 1710 5201 Tora.
1728 5131 1765 5200 f.
1788 5151 1881 5224 pag.
1896 5132 1956 5200 51.

650 5268 1011 5396 ⁸CENTAUREA
1039 5281 1273 5425 (uliginosa)
1299 5349 1384 5423 pag,
1412 5329 1461 5400 66
1485 5324 1559 5399 sub
1577 5325 1641 5400 lin.
1661 5323 1796 5400 ultima
1811 5325 1931 5402 adde..

526 5515 693 5594 Vintur
720 5519 818 5596 foliis
836 5519 1067 5594 radicalibus
1094 5483 1143 5596 err
1162 5523 1260 5620 pede
1287 5525 1336 5598 ad
1352 5487 1619 5622 sesquipedalia
1649 5523 1781 5622 longis,
1810 5524 1950 5622 petiolo
1968 5551 2064 5625 sup-

530 5675 533 5682 ·
573 5633 730 5720 putato,
769 5620 1112 5718 subintegerrimis,
1137 5623 1345 5700 denticulis
1372 5623 1623 5714 mucronatis,
1653 5622 1944 5722 regenerantis,
1974 5627 2062 5700 bre·
