4598 6908
573 623 665 712 120
865 583 867 587 ¹
995 627 1599 705 euruoouarurn.

581 829 643 904 trls
668 823 805 924 spatha
829 819 938 897 viridi
960 846 1073 908 nova,
1102 824 1315 920 vaginaque
1338 819 1418 894 folii
1437 817 1555 894 infimi
1578 825 1615 891 et
1632 815 1781 892 laminis
1805 818 1981 896 foliorum
2005 824 2093 902 alio·

585 953 670 1005 rum
689 927 872 1022 duorum,
900 921 1072 998 vestitus.
1102 921 1198 996 Post
1215 921 1386 996 anthesin
1405 920 1427 995 e
1444 932 1543 994 terra
1560 941 1731 1004 emersus
1750 919 1896 1020 adtres
1918 935 2093 1020 quatuor·

583 1049 629 1102 ve
648 1025 786 1101 ¹uncias
813 1029 921 1098 extra
937 1024 1057 1122 ipsam
1087 1043 1170 1097 sese
1186 1021 1311 1098 erecte
1337 1020 1491 1108 attollit,
1519 1019 1719 1116 aphyllus,
1746 1020 1893 1117 glaber,
1924 1019 2088 1117 striatus,

582 1125 900 1227 simplicissimus,
928 1125 1055 1199 fructu
1070 1132 1292 1198 coronatus.

534 1331 666 1407 Fon-n
693 1324 781 1416 tria,
810 1313 991 1425 aequalia:
1020 1328 1059 1400 in
1077 1312 1223 1400 anthesi
1250 1324 1348 1399 iutra
1374 1315 1549 1421 spatham
1573 1339 1709 1396 novam
1736 1312 1949 1410 recondita,
1976 1327 2091 1399 cauli·

579 1431 714 1506 culum
741 1438 778 1502 et
795 1429 1006 1527 petalorum
1033 1451 1179 1524 ungues
1205 1422 1348 1499 inferne
1375 1421 1556 1519 tegentia:
1585 1447 1703 1495 unum
1729 1421 1917 1513 infimum,
1944 1427 2091 1500 exnovi

581 1529 731 1604 bulbuli
750 1528 833 1603 basi
851 1538 1040 1614 exortum,
1068 1531 1183 1601 istum
1209 1535 1247 1599 et
1263 1523 1496 1600 cauliculum
1514 1547 1640 1618 usque
1660 1522 1711 1596 ad
1727 1522 1811 1616 ejus
1828 1525 2013 1598 nodutum
2031 1550 2090 1598 va·-

513 1631 515 1636 ’
576 1634 733 1728 ginans,
755 1627 913 1724 (vagina
931 1627 1126 1716 tubulosa,
1154 1626 1315 1724 primdm
1335 1622 1478 1710 albida,
1507 1620 1659 1696 demdm
1677 1621 1954 1721 albido-viridi)
1981 1625 2093 1698 linea-

577 1745 638 1819 re,
668 1730 776 1827 apice
793 1730 990 1816 obtusum,
1018 1727 1105 1800 hinc
1124 1750 1351 1810 concavum,
1379 1722 1468 1796 inde
1486 1747 1714 1811 convexum,
1743 1747 1858 1796 uuam
1883 1725 2017 1800 lineam
2042 1727 2093 1799 la·

580 1843 682 1917 tum,
713 1853 827 1903 uuam
847 1820 996 1902 unciam
1020 1819 1174 1900 etultra
1191 1825 1368 1922 longum
1396 1823 1474 1896 duo
1498 1812 1573 1894 alia
1598 1845 1645 1894 ex
1662 1819 1808 1897 nodulo
1831 1824 2008 1900 cauliculi
2028 1849 2093 1898 ex·

583 1942 675 2018 orta,
704 1927 781 2002 lere
800 1926 988 2025 opposita,
1008 1927 1167 2012 sessilia,
1184 1926 1264 1999 basi
1286 1922 1519 1998 cauliculum
1538 1921 1779 2018 amplexante
1797 1924 1943 2013 coalita,
1963 1927 2093 2022 quoad

578 2043 722 2129 ’catera
738 2029 866 2102 infimo
885 2027 1033 2102 similia.
1061 2025 1158 2112 Post
1175 2026 1365 2110 anthesin,
1393 2047 1520 2120 exque
1539 2033 1638 2096 terra
1655 2021 1742 2096 edm
1760 2024 1911 2121 penitus
1928 2041 2089 2111 emersa,

579 2131 636 2206 'ad
654 2134 764 2204 istam
784 2126 938 2200 arcuate
957 2126 1237 2214 decumbentis,
1265 2123 1509 2210 sublinearia,
1537 2121 1805 2210 canaliculato,
1833 2123 2092 2210 subcarinata,

586 2231 735 2327 glabra,
767 2229 1025 2322 integerrima,
1058 2226 1208 2315 viridia,
1242 2235 1317 2298 tres
1344 2234 1554 2322 quatuorve
1580 2222 1699 2296 lineas
1724 2222 1818 2312 lata,
1853 2236 2020 2320 quatuor
2044 2225 2094 2298 ad

588 2341 733 2428 septem
752 2327 885 2400 uncias
904 2329 1028 2422 longa.

528 2522 699 2606 Saarna
727 2528 1025 2618 membranacea,
1054 2526 1195 2614 striata,
1216 2547 1391 2612 nervosa,
1419 2515 1639 2620 cylindrica,
1667 2524 1811 2615 albida;
1840 2549 1888 2598 ex
1902 2513 1989 2598 basi
2008 2523 2092 2596 novi

580 2627 731 2704 bulbuli
751 2639 894 2715 exorta,
909 2627 1031 2724 apice
1048 2627 1135 2700 hinc
1153 2626 1303 2700 modice
1321 2628 1453 2710 scissa,
1481 2624 1569 2698 inde
1587 2629 1743 2722 integra,
1771 2625 1923 2716 obtusa3
1948 2648 2093 2718 ungues

582 2731 795 2829 petalorum
815 2738 1043 2801 connectens
1066 2741 1104 2802 et
1122 2727 1295 2823 ipsorum
1321 2728 1397 2810 fere
1415 2724 1667 2821 longitudinm
1694 2723 1807 2800 extus
1826 2723 1964 2822 spatha
1981 2722 2093 2797 veteri

537 2928 541 2960 ¹
584 2829 761 2927 foliisque
780 2829 867 2900 anni
885 2827 1067 2926 praeteriti
1083 2829 1246 2915 obtecta,

536 3018 569 3106 F
572 3045 643 3102 uos
668 3017 821 3116 unicus,
841 3021 1067 3122 terminalis

532 3217 839 3306 Psursurffluu
855 3227 1027 3324 ,null-um,
1061 3314 1064 3323 Ι

406 3505 408 3508 ,
531 3420 728 3528 Cononis
751 3414 979 3528 bsxapetala
995 3415 1100 3527 (vere
1116 3423 1379 3523 Bulhocodii);
1395 3429 1613 3526 petalorum
1630 3429 1777 3508 laminae
1795 3425 2096 3504 lineari-lancee*

579 3533 700 3628 latae,
713 3539 1066 3630 purpurascentes,
1085 3553 1171 3603 raro
1191 3528 1299 3616 albae,
1317 3529 1628 3626 ¹erecto-patulae,
1656 3525 1937 3624 sesquiunciam
1956 3527 2092 3626 louge,

580 3634 681 3726 duas
701 3633 923 3722 lineascum
944 3629 1102 3708 dimidia
1116 3629 1161 3723 jn
1179 3628 1305 3702 medio
1322 3628 1426 3720 latae,
1454 3626 1564 3702 extus
1583 3627 1856 3711 subcariuatae‚
1882 3625 1989 3701 intus
2008 3631 2095 3702 sub-

582 3732 861 3824 canaliculatae3
889 3730 1080 3826 unguibus
1097 3728 1351 3818 obsubulatis,
1379 3727 1488 3816 albis,
1516 3728 1613 3803 duas
1632 3731 1765 3802 uncias
1783 3737 1822 3800 et
1842 3727 1944 3799 ultra
1961 3728 2092 3825 longis,

581 3833 826 3931 receptaculo
837 3831 918 3906 sub
935 3828 1113 3926 germinis
1132 3827 1212 3904 basi
1230 3827 1464 3922 disjunctim,
1491 3851 1560 3902 uec
1581 3829 1690 3904 ullibi
1707 3824 1858 3914 coelite,
1886 3825 2050 3902 insertis.

530 4029 762 4104 selmum
790 4021 980 4100 filamenta
1005 4043 1092 4112 sex,
1119 4026 1224 4120 ‘apici
1252 4031 1439 4122 unguium
1463 4026 1679 4122 -petalorum
1705 4028 1863 4114 inserta,
1889 4025 2090 4113 filiformia,

583 4126 728 4212 albida,
757 4127 806 4200 ad
834 4127 942 4200 basin
969 4124 1162 4211 subluoea‚
1189 4123 1355 4214 antheris
1378 4125 1498 4220 paulo
1523 4127 1705 4202 breviora.
1733 4127 1915 4212 Antherae
1941 4127 2093 4200 subare·

577 4235 670 4312 ctae,
700 4225 875 4312 liueares,
904 4223 1037 4320 luteae,
1064 4221 1311 4310 biloculares,
1340 4222 1510 4320 quinque
1530 4226 1649 4299 lineas
1669 4226 1805 4322 lougae,
1833 4223 1973 4310 lamina
1991 4236 2093 4323 peta-

579 4317 706 4400 lorum
724 4321 965 4422 summopere
983 4324 1185 4398 breviores.

536 4513 651 4604 Pisi.
681 4513 966 4612 Germiuatria,
994 4521 1173 4620 contigua
1197 4519 1233 4596 in
1248 4519 1415 4616 formam·
1428 4525 1775 4599 ovato-subulatam
1796 4521 2013 4621 obtustque
2028 4524 2091 4598 tri-

583 4653 731 4726 gonam,
757 4627 1012 4713 subterranea,
1041 4647 1192 4721 supera,
1218 4622 1318 4718 apici
1341 4623 1522 4698 cauliculi
1543 4625 1849 4722 superimposita.
1878 4624 1977 4718 Styli
2004 4633 2088 4712 tres,

583 4729 787 4816 filiformes,
812 4726 943 4812 albidi,
963 4724 1203 4815 antherarum
1221 4721 1298 4796 sere
1318 4723 1564 4820 longitudine.
1594 4725 1739 4821 Stigma
1756 4723 1906 4820 singulo
1925 4723 2088 4812 unicum,

581 4831 747 4917 fuscum,
775 4851 998 4916 concavum,
1024 4825 1125 4922 laute
1138 4825 1257 4900 vitrea
1274 4822 1396 4898 visum
1414 4823 1584 4898 obsolete
1603 4825 1838 4900 bilabiatum
2070 4841 2074 4849 ’

534 4989 683 5108 -Ps-nc‘.
711 5029 879 5122 capsula
905 5036 997 5114 tres,
1025 5009 1228 5110 subulatae,
1256 5001 1529 5120 uniloculares,
1556 5022 1720 5122 superne
1738 5025 1941 5100 introrsum
1963 5022 2087 5100 dehis-

581 5139 724 5216 centes,
751 5127 834 5200 basi
851 5127 980 5200 leviter
997 5125 1154 5210 coalitos,
1179 5123 1443 5221 polyspermae.

536 5329 699 5404 Seuius
725 5327 848 5422 plura,
874 5325 1048 5410 obovata,
1075 5325 1195 5397 fusca.

533 5515 699 5603 Habitat
724 5523 763 5598 in
781 5516 944 5600 collibus
962 5509 1158 5620 calcareis,
1187 5526 1290 5598 circ'a
1308 5511 1587 5599 ¹Conimbricam
1610 5533 1649 5600 et
1665 5475 1903 5622 Olisiponem
1927 5527 1968 5596 in
1983 5472 2086 5596 clivis

584 5627 629 5730 de
647 5625 870 5722 Menocrito,
897 5635 935 5699 et
954 5623 1043 5700 alibi
1075 5627 1114 5697 in
1132 5621 1245 5698 Beira
1270 5633 1308 5698 et
1325 5623 1617 5702 Extremadura.
1647 5627 1777 5704 Floret
1803 5625 2027 5725 Septembre
2051 5630 2088 5696 et

579 5726 754 5802 'Octobre
771 5750 861 5802 mox
877 5735 966 5826 post
983 5748 1106 5823 aquas
1121 5722 1417 5823 aequinoctiales.
1446 5722 1581 5802 Peren.
