4562 6940
803 707 1255 785 nusrrnnrns
1704 700 1765 794 al

303 917 410 992 vens,
438 900 605 998 margine
630 900 925 976 membranaceo.
956 901 1123 998 Ligula,
1151 901 1200 973 ad
1217 898 1392 974 foliorum
1416 899 1590 998 evagina
1613 914 1807 998 exortum,

304 1005 479 1091 minimae,
506 1000 677 1076 obsoleta
694 1000 840 1089 ciliatae,
869 1003 918 1075 ad
935 1001 1054 1076 latera
1071 1000 1251 1075 barbatae.

257 1185 471 1278 Pnnrcuuu
499 1210 707 1289 coarctata,
735 1201 996 1301 spicaesormis,
1023 1202 1261 1285 subramos'a,
1291 1199 1433 1274 siccata
1455 1185 1644 1299 spiraliter
1661 1215 1810 1284 contor-

303 1315 363 1416 ta3
384 1311 554 1418 ⁸quatuor
571 1303 621 1376 ad
637 1327 705 1378 sex
723 1301 855 1378 uncias
873 1303 995 1400 longa,
1016 1300 1139 1376 aristis
1158 1299 1404 1398 computatis3
1432 1303 1682 1378 crassitudine
1704 1308 1811 1406 digiti

303 1427 459 1478 mlnlmls

257 1600 487 1692 Fuscrcum,
513 1629 583 1679 seu
600 1603 865 1680 semiverticilli
883 1605 1017 1680 florum
1036 1603 1087 1678 ad
1104 1603 1261 1678 racbeos
1279 1602 1411 1678 dentes
1429 1601 1503 1691 siti,
1522 1601 1674 1698 alterni3
1701 1612 1807 1697 rami,

306 1725 373 1776 seu
392 1705 613 1800 pedunculi‚
643 1707 788 1802 plures,
817 1703 1082 1791 scabriusculi,
1110 1703 1249 1798 glabri,
1276 1705 1485 1790 filiformas,
1515 1703 1809 1804 subcompressi,

305 1801 434 1876 leviter
455 1805 505 1878 ad
522 1804 666 1902 apicem
684 1805 898 1878 incrassati:
925 1807 988 1876 alii
1007 1802 1287 1899 simplicissimi,
1315 1804 1389 1890 alii,
1417 1804 1470 1875 eis
1487 1801 1660 1894 immixti,
1686 1829 1811 1881 ramo-

305 1901 353 1990 si,
381 1903 419 1976 in
437 1905 541 1980 duos.
559 1906 608 1978 ad
627 1929 694 1978 sex
712 1905 919 2000 pedicellos
939 1905 1070 1998 calyce
1087 1902 1274 1976 breviores
1292 1902 1424 1996 divisig
1448 1902 1567 2000 aliqui
1591 1929 1640 1977 ex
1658 1905 1752 2005 ipsis
1773 1909 1812 1980 in

305 2003 493 2099 panicula
510 2004 590 2077 basi
609 2003 767 2078 steriles.
1756 2036 1759 2052 ·

258 2193 398 2275 Cnnxx
425 2201 555 2297 gluma
571 2187 746 2294 bivalvis;
773 2186 931 2279 'valvulae
948 2187 1255 2288 membranaceae,
1274 2183 1419 2290 albidae,
1449 2187 1656 2300 diapbanae,
1685 2205 1813 2280 carina

305 2301 355 2374 ad
373 2301 481 2374 basin
503 2303 626 2388 viridi,
655 2303 805 2376 omnino
823 2303 969 2400 glabrae,
998 2305 1106 2389 laxas,
1134 2314 1265 2390 acutae,
1293 2301 1669 2389 lineari-lanceolatae‚
1697 2305 1812 2378 arista

303 2403 432 2497 parva,
460 2403 580 2491 rnolli,
609 2412 683 2477 tres
703 2402 818 2476 lineas
839 2405 959 2500 longa,
987 2407 1211 2493 terminata,
1237 2401 1455 2498 inequales,
1483 2403 1558 2474 alia
1579 2403 1675 2476 duas
1694 2402 1812 2477 lineas

306 2499 381 2572 alia
399 2500 560 2594 brevior3
588 2501 662 2574 alia
679 2502 812 2590 maior,
841 2507 957 2578 arista
979 2504 1214 2599 computata,
1244 2502 1375 2575 decern
1399 2501 1516 2576 lineas
1540 2501 1669 2597 longa,
1696 2513 1812 2601 atque

305 2598 456 2672 valvuld
472 2599 603 2676 maiori
621 2602 803 2676 corallius
819 2613 857 2676 et
873 2603 1014 2678 semine
1030 2604 1107 2676 fere
1125 2601 1236 2700 triplo
1255 2600 1413 2698 longior.

257 2795 450 2872 Coronas
478 2799 648 2886 bivalvis,
676 2801 792 2898 stipiti
811 2801 963 2876 'minimo
983 2803 1128 2890 villoso,
1157 2799 1295 2874 lineam
1311 2799 1437 2895 longo,
1467 2801 1655 2898 imposita,
1682 2802 1812 2876 subte⁶

304 2923 382 2992 res3
409 2899 559 2974 valvula
576 2905 740 2976 exterior
757 2901 939 2991 subflava,
968 2904 1195 3000 pubescens,
1214 2897 1445 2996 marginibus
1462 2900 1604 2995 glabris
1621 2925 1691 2974 nec
1709 2901 1813 2976 cilia·

304 3001 353 3071 tis
377 2998 596 3086 convoluta,
624 3000 732 3098 apice
756 3002 953 3076 terminata
976 3003 1108 3088 arista,
1138 3001 1235 3074 duas
1259 3000 1310 3073 ad
1333 3007 1498 3097 quatuor
1522 2999 1654 3074 uncias
1680 3000 1813 3098 longa,

307 3099 458 3186 scabra,
486 3100 634 3186 striata,
662 3101 782 3175 ebasi
803 3123 928 3198 usque
949 3102 999 3175 ad
1017 3101 1185 3174 medium
1202 3097 1442 3197 pubescenti,
1470 3109 1508 3173 et
1525 3093 1686 3174 funiculi
1707 3124 1813 3175 more

305 3199 506 3294 usquead
533 3201 742 3274 secundam
767 3201 952 3276 flexuram
979 3199 1115 3286 tortili,
1147 3198 1230 3272 basi
1255 3197 1470 3290 articulata,
1498 3199 1662 3296 primum
1688 3211 1813 3287 recta,

306 3296 409 3370 sicca
431 3299 583 3372 demum
607 3300 760 3374 dnobus
784 3301 950 3376 tribusve
967 3297 1249 3376 curvaminibus
1268 3297 1458 3372 flexuosa:
1484 3299 1634 3374 valvula
1658 3299 1811 3373 interior

300 3397 611 3490 membranacea,
648 3399 797 3491 albida,
833 3401 1012 3500 utrinque
1035 3400 1188 3499 glabra,
1227 3397 1368 3485 ovalis,
1394 3397 1570 3473 exteriori
1594 3402 1671 3474 fere
1695 3399 1811 3499 triplo

305 3495 466 3573 brevior.
526 3595 527 3600 Ἰ

258 3691 509 3773 Nncrxsruru
536 3701 764 3800 dipbyllum,
793 3697 931 3777 foliolis
950 3693 1099 3790 albidis,
1119 3699 1302 3786 succosis,
1323 3678 1704 3790 lineari-lanceolatis,
1733 3699 1814 3774 lon·

308 3798 479 3892 gitudine
492 3799 641 3895 pistilli,
666 3803 894 3900 valvulaque
910 3805 1056 3874 interna
1073 3801 1257 3876 corollina
1273 3801 1388 3894 paulo
1406 3799 1651 3872 brevioribus.

261 3995 388 4070 Srsar.
414 3997 604 4070 filamenta
621 3998 784 4090 minima,
807 3999 1012 4097 capillaria,
1040 3997 1122 4071 basi
1140 3993 1303 4072 inferiori
1320 3995 1474 4070 nectarii
1492 3997 1643 4073 inserta.
1671 3995 1817 4072 Anthe-

308 4121 358 4170 τε
374 4097 559 4194 oblongae,
586 4096 757 4210 lineares,
785 4099 1024 4190 tenuissimae,
1050 4099 1169 4186 flava,
1197 4097 1304 4196 apice
1322 4096 1551 4172 subvillosae.

262 4295 373 4370 Prsr.
406 4321 557 4393 germen
583 4297 803 4394 oblongum,
837 4281 952 4376 teres:
986 4297 1076 4396 styli
1102 4297 1197 4388 duo,
1224 4296 1364 4394 glabri,
1392 4297 1622 4386 brevissimi,
1650 4294 1818 4396 obliqui:

307 4396 486 4493 ¹stigmata
504 4397 763 4495 pubescentia.

264 4593 406 4668 Sauras
435 4595 578 4669 corolla
595 4596 699 4668 fulva
723 4597 946 4693 pubescenti
966 4605 1120 4682 tectum,
1146 4597 1244 4670 duas
1261 4596 1380 4671 lineas
1397 4599 1562 4693 longum,
1587 4596 1818 4672 semilineam

311 4693 442 4778 latum,
470 4719 519 4766 ex
535 4705 651 4769 terete
670 4717 942 4793 compressum,
969 4697 1058 4770 hinc
1077 4697 1128 4768 ad
1146 4711 1265 4767 unum
1282 4697 1383 4770 latus
1402 4696 1671 4770 unisulcatum.

609 4845 740 4919 Floret
766 4840 885 4931 Maio,
912 4844 1041 4926 Junio.

256 4973 427 5070 „Habitat
451 4995 489 5068 in
512 4995 593 5070 solo
618 5018 764 5082 macro,
792 4993 991 5080 sabuloso,
1018 4976 1068 5067 ad
1086 4989 1382 5082 Conimbricam,
1411 4993 1647 5092 Olisiponem
1670 5004 1709 5070 et
1731 4993 1820 5073 alibi

313 5099 351 5169 in
370 5095 483 5185 Beira
499 5106 537 5170 et
555 5095 847 5170 Extremadura.

270 5291 378 5368 Usus:
404 5297 532 5392 pecori
551 5294 737 5394 pabulum
753 5302 902 5392 gratum
921 5302 1084 5393 praestat.

268 5491 351 5567 Olu.
380 5494 424 5567 1.·
439 5491 484 5566 ln
502 5493 572 5567 bac
590 5491 731 5592 planta,
750 5487 805 5569 uti
822 5505 859 5568 et
875 5491 914 5568 in
931 5495 1016 5568 aliis
1032 5487 1278 5592 graminibus,
1298 5516 1386 5592 qnae
1404 5494 1541 5571 culmis
1558 5495 1822 5570 adscendenti-

210 5625 213 5631 ’
315 5591 389 5668 bus
405 5593 708 5692 geniculatisque
730 5594 935 5682 donantur,
962 5593 1039 5667 sere
1062 5597 1111 5668 ad
1130 5619 1255 5692 usque
1271 5593 1514 5669 florescentiae
1534 5598 1749 5692 periodum,
1777 5597 1821 5668 fi-

315 5690 394 5765 brae
410 5691 668 5787 geniculorum
693 5687 801 5768 durae
817 5691 1000 5791 proximis
1017 5691 1196 5769 mollibus
1212 5694 1411 5768 internodii
1427 5695 1610 5769 inferioris
1628 5693 1820 5782 immixtae,

315 5801 460 5864 motum
477 5790 584 5865 illum
601 5791 795 5888 ginglymi‚
822 5796 888 5890 qui
908 5793 1127 5868 animalium
1145 5793 1318 5892 genubus
1335 5803 1372 5865 et
1390 5792 1516 5890 digitis
1533 5807 1601 5884 est,
1628 5793 1819 5888 effingunt,

316 5912 405 5964 curn
422 5915 445 5965 a
460 5895 582 5967 ventis
599 5891 716 5966 culmi
732 5895 933 5990 agitantur.
969 5975 972 5980 ,

1203 6013 1227 6067 r
