4508 6924
597 575 674 680 70
1072 591 1666 672 rnrrocnrrnrr

613 783 756 874 latiori,
782 787 925 878 striato,
948 787 1185 886 lanuginoso.
1212 785 1376 863 Caulina
1388 785 1546 874 alterna,
1574 807 1715 884 pauca;
1740 781 1926 860 inferiora
1943 791 2114 863 attenuata

619 889 657 964 in
677 889 857 988 petiolum
876 891 1043 980 brevem,
1070 887 1497 985 semiamplexicaulem,
1524 887 1653 984 quoad
1671 896 1810 962 coetera
1828 885 2061 963 radicalibns
2074 889 2115 962 si·

620 989 743 1084 mrlia3
777 989 972 1086 superiora
997 987 1159 1077 sessilis,
1198 987 1600 1085 semiamplexicaulia,
1632 1009 1733 1060 nunc
1758 985 1927 1082 integra,
1954 1011 2052 1061 nuuc
2074 991 2112 1066 ad

619 1091 728 1163 basin
752 1103 819 1162 aut
835 1091 930 1164 inlra
948 1092 1115 1164 medium
1134 1088 1509 1186 inciso-pinnatilida,
1537 1086 1684 1160 laciniis
1704 1086 1847 1173 acutis,
1875 1101 2114 1186 eructopatu·

618 1189 678 1280 lis,
693 1191 965 1286 integerrimis,
992 1191 1133 1266 inferne
1150 1189 1288 1266 sensim
1307 1183 1525 1276 minoribus,
1552 1184 1838 1284 patentioribus.

559 1373 734 1465 'Floras
762 1391 887 1488 pauci,
914 1393 1041 1480 erecti,
1069 1389 1216 1464 caulem
1232 1397 1272 1463 et
1287 1409 1412 1464 ramos
1428 1386 1683 1462 terminantes.

569 1587 713 1664 Canvx
741 1593 1049 1677 ovato-conieus,
1086 1588 1255 1686 squamis
1281 1588 1508 1674 imbricatis,
1544 1586 1705 1683 glabris,
1741 1588 1931 1674 nervosis,
1952 1590 2107 1682 obtusis,

619 1691 728 1785 apice
745 1694 941 1766 terminato
958 1691 1184 1766 membranis
1202 1689 1389 1780 scariosis,
1408 1687 1561 1784 integris
1578 1697 1645 1760 aut
1661 1686 1944 1777 bifido-laceris,
1966 1692 2107 1766 exterio-

617 1791 725 1864 ribus
743 1792 873 1880 ovatis,
900 1789 1054 1866 internis
1071 1789 1372 1886 dvali-oblongis,
1472 1805 1476 1814 '

565 1988 765 2065 Coronas
792 1991 1003 2090 composita
1018 1991 1211 2080 tribulosa,
1229 1989 1523 2076 'subuniiormia
1548 2013 1599 2064 ex
1616 1987 1745 2063 albida
1761 1985 1876 2063 flava.

569 2189 769 2264 Fnoscutr
795 2173 1093 2287 he'rrnaphroditi
1110 2191 1418 2288 fertilesplurimi
1440 2189 1476 2262 in
1495 2189 1619 2278 disco;
1647 2187 1945 2286 hermaphroditi
1959 2191 2106 2269 masculi

616 2297 654 2357 et
679 2288 800 2361 neutri
828 2289 864 2362 in
886 2291 991 2362 radio
1015 2293 1233 2386 pauciores,
1261 2291 1406 2388 duplici
1432 2290 1582 2378 ordine,
1608 2290 1664 2364 ilii
1689 2291 1853 2378 interno,
1881 2290 1942 2364 isti
1961 2305 2100 2366 esterno

618 2385 789 2482 squamis
808 2387 988 2482 calyciuis
1005 2389 1196 2484 contiguo,
1224 2389 1297 2464 siti.

567 2587 816 2664 Concanum
846 2585 999 2684 propria
1017 2585 1332 2685 hermaphroditis
1361 2589 1539 2663 sacrandis
1565 2589 1659 2665 tubo
1676 2588 1857 2676 filiiormi,
1883 2587 2103 2687 longitudine

612 2687 770 2782 carycis,
799 2687 914 2762 limbo
933 2687 1154 2773 ventricoso,
1181 2687 1496 2784 quinquestriato,
1523 2687 1789 2776 erectiusculo,
1816 2689 2105 2767 terminatolnci·

578 2780 582 2789 ’
614 2789 686 2860 niis
705 2787 875 2884 quinque
898 2789 1073 2872 setaeeis,
1100 2787 1405 2885 erecto-patulis:
1433 2790 1585 2887 propria
1604 2790 1923 2890 hermaphroditis
1943 2791 2104 2870 abortivis

602 2887 734 2974 ‚ior'ma
748 2899 788 2960 et
805 2888 1002 2962 duratione
1018 2888 1094 2962 illis
1112 2887 1207 2962 disci
1225 2887 1447 2962 consimilis:
1478 2891 1626 2987 propria
1643 2891 1821 2964 iaemiueis
1839 2890 2026 2982 abortivis,
2043 2921 2105 2972 seu

615 2988 757 3061 neutris
775 2987 946 3081 ejusdem
965 3013 1053 3062 cum
1073 2987 1155 3062 aliis
1172 2990 1248 3062 iere
1265 2987 1491 3074 altitudinis,
1520 2991 1729 3086 praecocius
1748 3015 1996 3084 marcescens,
2023 3000 2105 3075 tubo

615 3085 793 3172 tenuiori,
822 3087 936 3160 limbo
954 3087 1133 3184 obliquo,
1158 3091 1275 3186 paulo
1298 3087 1456 3161 breviori
1480 3101 1518 3162 et
1533 3089 1740 3185 graciliori,
1769 3089 1914 3165 laciniis
1937 3101 2107 3175 tenniori-

617 3183 702 3272 bus,
729 3185 923 3282 equaliter
940 3189 1147 3277 intersere,
1168 3189 1242 3262 sed
1260 3187 1499 3284 profundius,
1527 3213 1642 3287 quam
1660 3189 1698 3264 in
1716 3189 1810 3280 aliis,
1838 3191 1983 3270 divisis.

565 3377 950 3461 Hnaursurronrrrs
975 3383 1154 3460 secundis
1173 3381 1372 3458 staminum
1391 3385 1579 3460 filamenta
1596 3387 1695 3478 alba,
1721 3391 1891 3482 barbata,
1914 3387 2109 3494 lrrngr'tth,¹

615 3510 663 3560 ne
681 3484 805 3582 limbi;
831 3485 996 3563 antherae
1008 3485 1136 3560 colore
1152 3485 1363 3572 eorolluloe,
1389 3484 1572 3586 illiusque
1588 3487 1736 3566 laciniis
1759 3493 1879 3592 paulo
1895 3495 2081 3592 longiores.

561 3689 746 3778 Gsnhnrv
772 3685 954 3778 albidum,
979 3684 1629 3784 ohovatnm,'compressiuscrrlum;
1655 3691 1788 3788 Stylus
1805 3695 1966 3784 albidus,
1985 3697 2107 3798 lungi-

479 3823 482 3830 ’
611 3788 744 3862 tudine
770 3789 1031 3880 antlrerarum3
1059 3789 1208 3886 Stigma
1232 3787 1573 3886 simplicissimum,
1606 3800 1723 3884 teres,
1750 3793 1982 3894 oblongum,
2006 3823 2104 3877 em.

508 3939 512 3948 .
612 3895 707 3972 tum,
734 3909 802 3958 seu
819 3887 1046 3982 prominens,
1071 3889 1225 3974 flavum,
1255 3888 1334 3961 basi
1354 3889 1582 3987 pubescens.

566 4053 952 4165 Hniruavmrorir'nrs
976 4081 1157 4160 abortivis
1183 4081 1308 4158 omnia
1332 4083 1481 4172 similia,
1509 4089 1577 4164 sed
1596 4089 1760 4167 German
1778 4103 1956 4174 'macmm
1976 4103 2105 4178 sterile.

615 4180 811 4259 Faemineis
837 4179 1032 4268 abortivis,
1070 4208 1137 4257 seu
1164 4188 1308 4258 neutris
1334 4187 1497 4262 German
1522 4190 1733 4265 obsoletum
1759 4195 1907 4294 absque
1934 4199 2042 4297 Stylo
2067 4213 2102 4278 et

614 4281 812 4376 Stigmate,
838 4291 876 4354 et
899 4281 1112 4356 Staminnm
1126 4282 1198 4357 ‘vix
1222 4284 1495 4367 lilamentorum
1519 4289 1732 4366 rudimenta
1755 4298 1903 4394 absque
1920 4303 2103 4391 antheris,

597 4399 599 4404 ’
614 4395 658 4456 ut
675 4381 861 4478 ingerere
878 4380 1043 4457 solitum.

565 4580 947 4660 Hnnriavrrnonrms
972 4580 1164 4659 faecundis'
1175 4583 1318 4660 semina
1333 4585 1506 4674 obovata,
1532 4613 1762 4690 compressa,
1786 4606 1970 4673 coronata
1984 4622 2099 4700 pappo

611 4682 877 4858 appplumoso,
904 4679 1042 4780 rigido,
1069 4683 1264 4784 inaequali,
1292 4687 1432 4776 sessili,
1456 4713 1506 4763 ex
1531 4692 1639 4768 fusco
1664 4694 1777 4768 fulvo.
1806 4693 2103 4797 Receptaculurn

581 4839 585 4846 .
610 4807 630 4856 s
670 4804 790 4858 osum.

948 4882 1087 4959 ¹·Floret
1101 4884 1241 4974 -Junio,
1262 4887 1292 4960 *J
1295 4887 1384 4964 ulio.

561 5076 726 5152 Habitat
751 5077 788 5152 in
803 5077 1008 5168 sabulosis,
1034 5087 1074 5156 e't
1091 5083 1255 5159 dumetis
1275 5086 1408 5176 midiae
1430 5092 1600 5165 occurrit
1624 5089 1674 5166 ad
1692 5093 1818 5190 pineta
1833 5096 1887 5170 tle
1905 5096 2099 5196 Caparicae,

584 5187 782 5290 -etusupra
798 5179 1033 5276 Olisiponem
1054 5182 1236 5278 lapidosis
1248 5185 1362 5278 juxta
1378 5187 1526 5285 Tagum
1545 5192 1727 5284 collibus3
1752 5201 1789 5268 in
1806 5197 1914 5269 clivis
1927 5197 1982 5273 de
1998 5198 2103 5272 Mos·

612 5290 763 5372 repento,
791 5291 829 5352 et
841 5279 954 5372 juxta
972 5279 1250 5358 Conimbricam
1265 5287 1317 5359 ad
1335 5287 1513 5364 orientem
1531 5291 1569 5364 in
1587 5293 1750 5370 dumetis
1766 5295 1873 5370 vallis
1890 5297 1941 5370 de
1958 5300 2103 5374 Manr-

610 5403 679 5466 cor,
708 5377 773 5451 ubi
792 5403 890 5454 nuuc
908 5403 1002 5468 rara,
1022 5394 1067 5454 et
1083 5381 1183 5459 alibi.

563 5575 675 5652 Usus:
701 5575 830 5652 Radix
847 5599 985 5655 recens
1000 5579 1175 5656 dissecta
1196 5583 1296 5672 vere,
1324 5595 1431 5663 ulex
1450 5587 1582 5665 Clusio
1600 5592 1637 5666 J.
1656 5591 1851 5667 Bauhinus
1870 5597 1993 5686 refert,
2016 5621 2103 5673 suc·

588 5701 694 5752 -cum
717 5701 891 5753 croceum
919 5681 1089 5770 resudat,
1119 5682 1186 5780 qui
1212 5710 1298 5759 cum
1316 5689 1565 5764 amaritudine
1590 5695 1754 5789 quadam
1781 5695 2009 5772 aromaticus
2036 5709 2102 5772 est.

604 5777 711 5854 Olim
734 5784 791 5878 (et
808 5780 1052 5870 nuncetiam,
1072 5783 1243 5882 quamvis
1260 5787 1398 5887 rarius)
1416 5813 1443 5864 a
1461 5788 1626 5867 Medicis
1642 5804 1681 5870 et
1694 5793 2009 5892 Pharmacopolis
2029 5797 2100 5872 Lv-
