4508 6924
582 624 656 726 bc
1039 585 1630 724 rauracurrnrn

599 863 649 914 ne
666 833 833 935 supemd
857 828 1130 930 dviridiru'fae,
1156 858 1309 914 sursum
1329 835 1859 936 longior-esangnstioresqua,
1887 855 2015 914 omncs
2029 844 2101 940 api·

601 965 647 1014 ce
663 963 739 1013 uon
757 937 925 1014 scarioso
943 939 1107 1026 obtusae,
1135 951 1173 1014 et
1190 940 1367 1018 dentibus
1389 939 1561 1038 quinque
1583 939 1808 1036 adseptem,
1834 961 1969 1034 parum
1986 965 2101 1016 recur-

598 1043 670 1128 vis,
699 1037 941 1127 brevissimis
972 1039 1276 1142 simplicissimis,
1304 1039 1575 1138 rigidiusculis,
1596 1037 1685 1149 ¹laete
1704 1039 1809 1124 rufis,
1836 1037 2053 1136 terminata.

547 1238 748 1314 Corcura
782 1241 993 1338 compositu
1019 1240 1218 1335 tubulosa,
1247 1263 1387 1342 porum
1413 1241 1625 1332 difformis,
1651 1237 1778 1314 colore
1803 1241 2101 1340 purpurascenti,

601 1351 668 1413 aut
685 1365 733 1416 ex
751 1341 914 1416 caeruleo
933 1365 1140 1442 purpureo.
2164 1362 2167 1366 ’

500 1535 506 1562 “’
552 1535 818 1616 Cononnunrs.
836 1539 996 1638 propriae
1023 1541 1341 1638 hermaphroditis
1357 1541 1539 1639 ‘plurimae
1564 1541 1603 1615 in
1623 1538 1747 1626 diseo,
1776 1547 1994 1630 coarctate,
2018 1542 2103 1618 tubo

599 1639 779 1726 fililormi,
816 1639 953 1736 longo,
978 1643 1094 1716 limbo
1127 1632 1411 1740 campanulum,
1446 1643 1632 1737 oblongo,
1665 1638 1932 1737 quinquefido,
1966 1640 2104 1716 laciniis

598 1739 752 1826 erectis,
780 1740 1004 1828 linearibus,
1033 1741 1259 1840 aequalibus.
1279 1741 1467 1838 ‘Proprius
1494 1740 1674 1816 saemineis
1700 1739 1891 1813 sterilibus
1917 1764 2045 1835 paucae
2068 1742 2103 1820 iu

598 1839 722 1926 radio,
751 1865 934 1928 recurvae,
961 1853 999 1916 et
1023 1843 1072 1916 ab
1094 1841 1411 1939 hermaphroditis
1436 1841 1596 1916 diversae
1621 1841 1713 1914 tubo
1738 1838 1853 1937 paulo
1877 1839 2031 1936 longiori
2055 1852 2103 1916 te·

596 1938 817 2113 ῐὲυίοτίιῳιὲ,
847 1939 961 2115 ΙίιηΙΙω
980 1942 1275 2042 profundissime
1293 1941 1555 2042 quinquefido,
1584 1941 1732 2015 laciniis
1753 1937 1869 2038 paulo
1885 1939 2099 2036 augustiori-

630 2064 684 2128 us,
729 2065 777 2114 ax
821 2049 977 2137 patuis.
1422 2077 1425 2086 ’

403 2276 411 2293 ·
496 2319 497 2322 Ἴ
541 2233 687 2310 ‘snum
716 2237 1036 2336 hermaphroditis
1059 2249 1104 2316 ut
1126 2239 1192 2315 illa
1208 2241 1372 2338 generis,
1393 2238 1725 2338 purpurascentia.
1755 2235 1955 2312 Faemineis
1976 2235 2101 2316 sterili·

601 2336 675 2508 ἔξω
692 2337 1063 2510 ζὲιιιυῗὲαωεῃῑοτιπιι,
1092 2341 1288 2416 autetiam
1306 2337 1559 2428 antherarum,
1588 2340 1762 2438 quadam
1782 2337 1999 2413 rudimenta
2012 2339 2095 2416 albi·-

543 2630 669 2712 ‘'Prsr:
695 2635 1013 2734 hermaphroditis
1035 2663 1187 2736 germen
1212 2635 1345 2715 leviter
1361 2639 1582 2727 obovatum;
1606 2635 1731 2733 stylus
1758 2634 1963 2722 lililormis,
1989 2637 2097 2737 longi·

598 2739 731 2814 tudine
758 2743 980 2830 staminum
1014 2740 1156 2838 stigma
1190 2742 1418 2830 oblongum,
1456 2739 1769 2834 cylindraceum,
1803 2757 2093 2834 purpurascere,

598 2841 708 2936 apice
724 2838 948 2934 prominenti
968 2839 1141 2929 bifidum,
1168 2839 1254 2916 basi
1267 2839 1412 2914 nodulo
1429 2837 1670 2912 instructum.
1699 2835 1896 2911 Faemineis
1917 2840 2098 2916 sterilibus

597 2962 749 3032 germen
777 2937 989 3027 minimum,
1017 2965 1207 3023 macrum,
1234 2937 1311 3012 citd
1337 2938 1591 3026 emarcidum
1627 2935 1751 3031 stylus
1777 2945 1815 3010 et
1838 2935 1981 3032 stigma
2006 2940 2096 3014 utin

598 3037 928 3134 hermaphroditis,
955 3041 1026 3112 sad
1041 3037 1296 3112 crasmtudiue
1311 3047 1353 3112 et
1367 3035 1605 3134 longitudine
1621 3035 1767 3110 minori.

539 3217 698 3316 'Panic
725 3233 892 3312 nullum:
920 3237 1041 3336 calyx
1051 3238 1256 3314 connivens
1274 3237 1314 3312 iu
1329 3238 1486 3312 sormam
1502 3235 1917 3334 ovato-subglobosam.

489 3473 493 3480 ·
534 3433 714 3512 ‘Saulus
742 3431 1060 3535 hermaphroditis
1082 3437 1383 3534 oblongiuscula,
1411 3455 1641 3537 compressu,
1669 3435 1811 3524 lucida,
1838 3434 1987 3526 obtusa,
2010 3437 2098 3514 auh·

597 3549 773 3628 cuneata,
802 3539 933 3614 leviter
958 3547 1134 3632 arcuata3
1159 3537 1357 3627 nonnulla,
1385 3539 1435 3612 ob
1453 3539 1604 3612 nimiam
1627 3537 1875 3612 flosculorum
1902 3537 1999 3613 inter
2017 3565 2099 3614 seso

568 3680 572 3694 ·
595 3643 914 3729 coarctationem,
931 3637 1165 3715 abortientis.
1194 3637 1353 3736 Pappus
1369 3641 1570 3726 'atrocum
1597 3637 1746 3712 semine·
1762 3636 1921 3714 dimidio
1944 3639 2100 3728 brevior,
2203 3721 2204 3732 χ

594 3739 686 3816 setis
703 3741 972 3842 inaeqnulibus,
998 3739 1211 3840 fragilibus,
1239 3738 1416 3832 caducis,
1443 3739 1545 3818 leuto
1560 3736 1650 3814 risis
1668 3737 1876 3816 serrulutia
1905 3738 2099 3816 Fumineis

594 3842 715 3919 nrrlla.

539 4019 883 4114 ³Rncnarrcunuu
911 4045 1090 4115 setosum.

548 4235 714 4312 Habitat
738 4240 777 4311 in
794 4235 990 4333 uliginosis
1009 4237 1118 4312 circa:
1127 4235 1419 4326 conimbricam,
1447 4239 1607 4328 Lounda,
1634 4240 1819 4316 Mirundu
1837 4243 1893 4318 do
1912 4242 2039 4333 Coruo,
2064 4251 2106 4317 ct·

597 4335 687 4410 alibi
704 4339 743 4411 in
761 4336 886 4427 Beira,
912 4337 1030 4412 etiam.
1041 4336 1232 4413 in'Cintro
1248 4349 1288 4414 et
1302 4340 1390 4432 alibj
1403 4338 1448 4414 -in
1465 4339 1759 4417 Extremadura.

668 4637 669 4643 ἵ
742 4537 849 4615 Flor.
874 4539 985 4630 lum,
1015 4537 1113 4626 Jut,
1146 4537 1338 4637 unguen.
1367 4537 1502 4616 Peren.

546 4687 661 4815 'loss
689 4740 965 4839 plantaamar'a
980 4748 1057 4836 est3
1082 4739 1194 4815 flores
1203 4732 1344 4816 'leviter
1359 4739 1479 4816 odori.

533 4941 631 5015 ‘Oba
658 4937 791 5013 Media
805 4941 902 5014 iuter
918 4939 1150 5016 Centaurcas
1168 4941 1339 5038 squamis
1355 4929 1538 5036 calycinis
1561 4935 1715 5016 dentato
1738 4963 1805 5016 seu
1827 4944 2096 5020 serrato-cilia·

594 5039 660 5123 tis,
689 5039 826 5112 stillas
844 5041 1013 5136 squamis
1034 5041 1217 5135 calycinis
1236 5039 1597 5140 palmato-spinosis:
1624 5065 1693 5115 nec
1718 5043 1988 5120 confundenda
2008 5067 2098 5120 cum

589 5137 773 5212 cenum.
800 5137 973 5237 captore,
993 5138 1173 5242 phrygio,
1197 5139 1262 5216 ¹vel
1276 5155 1465 5232 mantano,
1493 5139 1670 5241 aquibus
1688 5145 1781 5218 satis
1799 5141 1963 5235 diversa,
1991 5155 2034 5220 ut
2049 5167 2101 5220 cx

583 5237 957 5338 «supradictis-patet.
1074 5283 1081 5296 ·
