4562 6940
228 3835 372 3941 usses
399 3813 506 3914 uste·
533 3833 590 3913 res
617 3809 792 3912 locantes
810 3812 926 3937 pust
954 3807 1124 3927 tacteus,
1155 3803 1228 3910 too
1257 3803 1303 3908 st
1333 3803 1632 3934 subsistenti
1654 3809 1796 3936 ptus:

228 3947 278 4026 tis
312 3942 642 4052 utriusque-orbis
674 3943 843 4038 cornito,
887 3942 1106 4022 amoenitati
1144 3971 1188 4022 ac
1223 3969 1375 4020 suorum
1403 3947 1625 4046 populorum
1658 3947 1776 4028 saluti

218 4069 380 4161 parata,
410 4083 477 4134 nec
496 4076 625 4158 pauca
652 4051 988 4154 sumptuosissima,
1018 4057 1103 4132 ocri
1118 4050 1246 4158 Regia
1274 4065 1311 4132 et
1338 4053 1389 4131 ael
1409 4053 1629 4158 prodigiam
1659 4067 1778 4162 usque

227 4167 410 4273 insignio,
440 4165 587 4245 solicito
612 4179 715 4242 sunt.
746 4161 937 4255 Quantum
961 4163 1204 4269 Philosophia
1232 4176 1269 4242 ct
1288 4165 1418 4257 Artes,
1450 4163 1663 4260 Medicina,
1694 4187 1776 4248 resu'

229 4295 301 4384 que
326 4278 512 4384 agraria,
556 4273 766 4354 uberrimus
803 4272 1025 4380 dinitiarum
1064 4301 1109 4353 ac
1125 4271 1335 4380 felicitatis
1363 4274 1549 4353 burnano'e
1561 4274 1688 4379 sons,
1733 4287 1779 4361 cr

228 4387 311 4468 istis
336 4381 583 4494 positionibus
609 4383 840 4490 lucopeclte,
871 4389 1125 4494 quantamque
1152 4387 1203 4465 ¹ob
1222 4411 1284 4465 eos
1303 4411 1528 4490 progressae
1553 4401 1655 4481 suut,
1685 4394 1805 4472 sotis

230 4498 400 4578 on'tnibus
430 4509 657 4600 compertum
692 4506 760 4573 cst.
804 4496 939 4601 Igitur
969 4497 1096 4574 nullu‘s
1125 4495 1237 4594 bodie
1267 4500 1357 4586 sauli
1391 4495 1542 4575 dubitat
1576 4495 1781 4602 Botunices'

230 4609 427 4702 studium,
470 4609 513 4685 ob
528 4603 812 4706 jucunditatem
835 4606 986 4709 paritet
1013 4633 1058 4685 ac
1083 4605 1297 4712 insignem,
1334 4613 1447 4712 ‘quam
1476 4611 1598 4684 sebum
1628 4610 1805 4709 trabit,·'

230 4717 453 4814 utilitatem,-
484 4715 555 4794 toti
581 4715 744 4803 bumana
767 4715 915 4821 generi,
948 4715 1111 4822 Tuisque
1139 4715 1299 4796 mosimc
1329 4715 1539 4808 Lusitanis,
1570 4719 1646 4794 esse
1671 4745 1777 4798 sum·

119 4859 122 4864 ·
232 4833 379 4934 mopere
406 4823 710 4907 commendabile.
742 4823 849 4914 Quas
876 4827 973 4904 enim
1002 4825 1040 4904 ia
1063 4821 1306 4916 ,re‘botanico
1334 4829 1417 4928 op'cs
1445 4836 1499 4901 tot
1529 4823 1692 4924 ittsulue,
1724 4825 1781 4914 tol

235 4953 360 5019 terroe
386 4951 531 5019 tractus
555 4934 595 5015 in
623 4946 781 5042 utroque
805 4933 905 5015 Orbe
932 4932 1085 5038 imperio
1115 4935 1194 5016 Tuo
1205 4931 1381 5040 feliciter
1407 4934 1565 5037 subjecti
1589 4933 1663 5016 non
1690 4971 1778 5023 con-

234 5050 357 5129 elnntl
387 5049 493 5142 Quas
516 5049 673 5153 plantas
699 5044 938 5142 rarissimas,
969 5045 1199 5152 incognitus,
1223 5045 1479 5154 perutilesque
1508 5045 1544 5127 T
1539 5066 1612 5149 eruc
1642 5053 1780 5132 austis-

233 5160 351 5241 simae
378 5172 458 5239 tum
493 5152 533 5238 in
561 5155 734 5240 Brasilia
767 5161 848 5236 cum
882 5159 922 5238 in
948 5154 1087 5262 Africa
1120 5157 1277 5237 ditiones
1315 5157 1570 5264 nonfiruut?
1611 5157 1782 5264 ipsamet

235 5271 385 5380 quidem
406 5258 609 5350 Lusitcnlc'l
626 5267 708 5349 Tuo
732 5267 1027 5373 sttultlgenorum
1054 5266 1229 5372 stirpium
1242 5265 1491 5373 ferocissima
1520 5281 1587 5364 tst,
1619 5285 1782 5375 pecorum*
1799 5303 1807 5319 ‘·

236 5411 310 5461 nan
318 5409 467 5486 paucae
480 5381 602 5461 adlsuc
614 5380 674 5456 ael
680 5377 830 5480 penitus
844 5377 994 5484 ignotae
1007 5383 1066 5456 ocl
1068 5390 1210 5482 parum
1225 5377 1396 5483 ¹c'ogm'tac
1409 5379 1660 5464 suntsidcirco
1675 5382 1802 5468 illbnl'

229 5492 452 5598 peragravi,
482 5505 519 5570 et
545 5487 730 5598 quidquid
754 5489 921 5568 botanicl
946 5489 1033 5571 navi
1058 5490 1224 5569 ticinusve
1243 5489 1443 5591 perspecti,
1473 5488 1549 5568 sive
1568 5517 1641 5594 per
1668 5493 1784 5597 ipsius

238 5628 453 5705 camporum
478 5602 708 5707 valliumque
728 5602 879 5702 plana,
908 5601 985 5679 sioe
1003 5627 1074 5704 pcc
1101 5627 1271 5680 amoenos
1299 5603 1435 5694 colles,
1464 5601 1539 5678 sice
1561 5627 1634 5702 per
1661 5607 1783 5685 arctim

237 5711 422 5794 montium
448 5714 577 5792 sedula
599 5707 900 5814 perscrutatione
924 5711 1086 5816 reperire
1117 5709 1251 5808 licuit,
1295 5709 1430 5788 sensim
1458 5709 1524 5788 sub
1558 5709 1782 5820 Plzptogra-

233 5822 347 5926 pbiae
373 5821 595 5903 Lusitaniae
622 5819 822 5900 selectioris
849 5819 960 5922 titulo
987 5822 1093 5902 celere
1119 5820 1307 5900 constitui.
1338 5819 1474 5922 Hsp'us
1500 5821 1647 5926 quidem
1676 5845 1783 5903 ocor·'

239 5961 296 6026 so,
327 5932 389 6014 uti
413 5943 450 6014 e't
467 5933 687 6038 postumo-‚-
716 5929 838 6028 nullis
857 5927 933 6012 nisi
953 5931 1032 6013 Tuo
1062 5945 1116 6013 tot
1139 5929 1316 6086 gpptibus
1335 5930 1783 6042 populisqneutriusque
