4514 6932
547 561 615 650 ot
1003 567 1586 644 rurrooutrnra

565 765 696 840 mineaa
722 759 801 834 sive
818 763 973 847 neutrae,
1001 757 1188 848 caeruleae,
1216 767 1282 832 aut
1298 758 1653 856 dilate-purpureae,
1682 751 1911 844 lanceolata,
1940 757 2001 834 vix
2020 760 2078 834 bi-

566 867 745 952 dentatae,
773 885 874 960 saepe
891 869 1034 958 septem
1052 871 1119 933 aut
1135 869 1236 946 octo,
1262 859 1383 960 rarius
1401 881 1535 932 novem
1553 882 1620 956 seu
1639 854 1781 928 decem.

518 1065 566 1140 Iu
595 1059 912 1160 hermaphroditis
937 1086 1088 1158 germen
1115 1059 1342 1160 pubescens,
1368 1057 1491 1153 stylus
1518 1082 1619 1157 saepe
1645 1053 1881 1150 longitudine
1905 1059 2077 1134 anthera·

566 1188 652 1238 rum
666 1163 878 1256 lutearum3
905 1161 1040 1258 stigma
1064 1161 1241 1250 bifidum,
1270 1160 1333 1234 vix
1352 1159 1569 1250 exclusum,
1598 1153 1743 1232 laciniis
1770 1154 2000 1234 lanceolatis.
2030 1161 2078 1236 ln

565 1261 803 1338 radiantibus
820 1261 957 1360 stigma
974 1287 1074 1360 saepe
1090 1261 1230 1337 deficit.

511 1464 683 1540 'Sauum
710 1463 890 1559 oblonga,
918 1461 1143 1551 subvillosa,
1171 1462 1366 1558 angulata,
1395 1483 1522 1557 pappo
1546 1455 1707 1555 simplici
1731 1457 1853 1556 piloso
1879 1467 2075 1535 coronata:

566 1564 604 1638 in
622 1563 729 1637 radio
746 1587 845 1662 saepe
862 1563 987 1637 omnia
1008 1563 1234 1638 abortientia
1255 1564 1304 1638 ob
1323 1561 1507 1660 stigmatis
1530 1559 1738 1654 delectum;
1765 1561 1891 1634 omnia
1914 1561 2074 1656 fugacia,

566 1664 699 1758 calyce
716 1661 793 1737 citd
812 1673 953 1762 aperto,
981 1673 1143 1760 patente.

519 1861 852 1936 Racanracuuuu
879 1864 1048 1960 planum,
1077 1865 1238 1940 nudum.

516 2049 680 2138 Habitat
703 2061 805 2134 circa
821 2026 1058 2160 Morltejunto
1080 2064 1117 2137 in
1136 2063 1314 2150 dumetis,
1342 2061 1552 2160 praesertim
1575 2061 1624 2134 ad
1642 2061 1740 2134 viam
1757 2061 1958 2138 militarem
1979 2043 2074 2138 inter
2116 2136 2118 2144 ,

567 2161 760 2236 Sacellum
780 2161 828 2234 de
845 2163 1082 2238 Ameiaoeira
1105 2173 1142 2236 et
1162 2165 1400 2259 Carregadm
1426 2163 1539 2234 etiam
1562 2161 1612 2234 ad
1630 2173 1803 2236 austrum
1821 2162 2004 2238 montium
2029 2161 2078 2234 de

567 2262 702 2354 Cinara
728 2259 824 2334 inter
847 2263 1019 2338 Alcoitdo
1042 2269 1080 2336 et
1097 2259 1282 2336 Thermas
1309 2261 1359 2336 do
1378 2259 1524 2334 Eetoril
1542 2271 1582 2332 et
1604 2259 1694 2334 alibi
1719 2261 1755 2336 in
1782 2259 2085 2352 Extremadura.·

568 2359 599 2432 F
603 2359 671 2432 lor.
691 2359 917 2454 Septembri,
944 2372 982 2434 et
999 2361 1158 2435 Octobri
1176 2373 1264 2460 post
1280 2383 1402 2458 aquas
1421 2358 1716 2456 aequinoctiales.
1769 2348 1964 2434 Perennis.

522 2557 613 2631 Usus
638 2558 802 2654 ignotus,
830 2559 902 2634 nisi
920 2561 970 2634 ad
988 2561 1183 2636 hortorum
1201 2569 1473 2634 ornamentum.

514 2757 691 2836 Arrrurs
719 2757 850 2834 Asteri
871 2759 1106 2858 Aragoncasa'
1133 2759 1234 2834 Clar.
1256 2741 1321 2832 ¹Lu
1346 2757 1500 2848 March,
1527 2757 1597 2832 sed
1621 2759 1717 2832 loliis
1742 2757 1973 2832 radicalibus
1998 2784 2079 2834 non

563 2857 823 2954 integerrimis,
851 2859 960 2931 caule
977 2858 1196 2932 nullatenus
1221 2857 1360 2942 lanato,
1388 2856 1546 2930 floribus
1565 2857 1754 2954 pauculis,
1783 2883 1858 2932 uno
1883 2858 2000 2934 aliove
2026 2861 2079 2934 ad

563 2967 660 3044 tres,
688 2983 758 3032 nec
775 2957 1024 3052 corymbosis,
1050 2958 1141 3030 satis
1165 2957 1351 3030 diversus.
1382 2954 1506 3028 Nimis
1524 2957 1642 3046 ‚etiam
1667 2957 1787 3042 affinis
1806 2959 1902 3041 ,Ast
1929 2958 2075 3058 alpino,

566 3058 635 3130 sed
660 3081 747 3129 cum
771 3080 816 3130 eo
833 3079 909 3130 non
927 3055 1238 3150 confundendum
1263 3055 1388 3128 differt
1412 3053 1511 3128 enim
1530 3056 1737 3153 presertim
1759 3055 1858 3130 soliis
1877 3083 1979 3156 saepe
1996 3083 2078 3134 om·

564 3156 679 3232 nibus
707 3157 869 3252 glabris,
900 3153 1133 3232 radicalibus
1161 3158 1247 3253 plus
1277 3155 1447 3228 minusve
1476 3155 1584 3253 apice
1614 3155 1877 3249 denticulatis,
1915 3158 2077 3236 caulinis

562 3251 758 3354 pluribus,
786 3251 1050 3348 integerrimis,
1078 3255 1313 3352 subsparsis3
1340 3256 1449 3331 caule
1473 3279 1547 3328 non
1568 3255 1653 3328 rard
1671 3255 1908 3344 subtrifloro,
1937 3249 2079 3353 calyciss

565 3355 705 3451 nisque
730 3353 901 3454 squamis
926 3353 1162 3428 acuminatis.
1191 3354 1283 3442 Haec
1310 3358 1437 3428 omnia
1462 3379 1511 3426 ex
1531 3355 1673 3428 iteratis
1699 3355 2026 3429 observationibus
2052 3384 2077 3431 a

566 3479 630 3530 me
652 3458 691 3526 in
708 3453 791 3528 vira
808 3453 939 3550 planta
960 3462 1128 3528 recenter
1150 3455 1282 3546 sactis;
1307 3478 1393 3534 narn
1418 3478 1504 3552 quae
1528 3453 1576 3528 de
1591 3453 1676 3554 ipsa
1698 3457 1737 3528 in
1755 3455 1787 3530 F
1790 3456 1870 3530 lora
1887 3452 2076 3556 Lusitana

560 3553 694 3626 notavi
716 3552 841 3626 minus
859 3577 1039 3648 congrua,
1067 3565 1104 3626 et
1121 3553 1247 3636 solum
1270 3579 1318 3642 ex
1331 3546 1575 3636 alumnorum
1598 3555 1684 3654 fide,
1712 3553 1781 3656 qui
1798 3549 1882 3634 eam
1899 3567 2073 3632 currente

558 3673 685 3752 passu
704 3651 884 3754 viderant,
904 3651 1050 3738 'tradita
1066 3663 1166 3756 sunt.

1841 3866 1885 3890 r-
