4562 6940
459 3717 660 3821 Seterrtiaj
692 3740 737 3804 ut
763 3725 923 3806 salubris
954 3721 1119 3806 inventor
1144 3723 1273 3832 stirpis
1304 3721 1462 3806 humano
1490 3721 1625 3832 generi
1648 3713 1995 3832 beneficentissimus

457 3841 776 3918 essecrederetur.
806 3836 983 3944 Europae
1010 3837 1097 3919 olim
1111 3836 1300 3950 Asiaeque
1313 3831 1497 3920 REGES
1525 3864 1568 3915 ae
1580 3836 1832 3940 Imperatores
1862 3837 1996 3943 inclyti

459 3943 740 4050 indagationem
772 3963 807 4026 et
827 3949 1007 4050 peritiam
1037 3950 1244 4030 Botanicae
1282 3979 1319 4028 se
1346 3947 1606 4054 dignissimam
1620 3947 1870 4052 judicarunt,
1914 3947 1996 4025 rati

459 4079 498 4130 se
523 4055 632 4156 hujus
659 4055 846 4133 naturalis
866 4057 1128 4161 Philosophiae
1144 4060 1269 4160 partis
1297 4060 1461 4136 studium
1490 4059 1639 4133 calendo
1665 4057 1799 4156 optime
1826 4058 1871 4134 de
1889 4085 1992 4135 mor·-

457 4163 598 4242 tulihus
627 4165 777 4260 mereri,
809 4194 874 4244 nec
902 4165 1025 4244 minus
1051 4167 1242 4272 egregiam
1270 4195 1467 4273 veramque
1493 4167 1641 4244 laudem
1673 4165 1775 4261 inde,
1806 4171 1918 4272 quum
1947 4195 1992 4246 eo

458 4271 640 4370 victoriis,
672 4278 723 4353 ael
748 4305 890 4356 omnem
911 4277 1171 4378 posteritatem
1198 4307 1263 4358 sua
1289 4277 1432 4356 nomini
1458 4276 1588 4378 libare.
1629 4273 1747 4354 Hune
1776 4277 1832 4354 ita
1860 4278 1993 4382 magni

440 4379 627 4480 jecerunt
652 4385 876 4480 ethnici,··ut
901 4387 978 4490 ejus
1006 4385 1250 4467 inventionem
1279 4388 1356 4467 suis
1384 4387 1472 4466 Diis
1498 4386 1655 4492 dignam
1684 4385 1989 4465 existimaverint.

455 4489 711 4599 Antiquarum
740 4496 964 4602 Principum
1004 4497 1246 4593 diademata,
1289 4497 1463 4578 Heroum
1501 4494 1794 4600 Sapientumque
1834 4523 1990 4576 coronae

455 4628 499 4681 eu
525 4606 683 4691 ramulis
710 4606 940 4710 diversarum
980 4607 1154 4712 stirpium
1166 4607 1288 4715 suere
1304 4615 1537 4700 'eontestae,
1582 4607 1715 4712 quihus
1754 4633 1830 4684 sese
1866 4607 1989 4712 magis

454 4720 568 4816 quum
598 4745 709 4813 oure,
746 4723 858 4824 quum
885 4718 1064 4826 gemmis,
1107 4721 1304 4799 honoratas
1333 4745 1410 4798 esse
1435 4717 1653 4802 eredebant,·
1694 4714 1754 4794 illi
1780 4717 1987 4818 triumpho-

454 4849 538 4899 rum
567 4831 693 4921 decus,
724 4828 964 4909 victoriarum
988 4843 1202 4935 gestamen,
1234 4829 1347 4937 inque
1372 4829 1490 4908 saeris
1518 4855 1563 4905 ac
1583 4825 1745 4932 puhlicis
1772 4825 1989 4906 certamini-

453 4929 521 5008 hus
542 4936 754 5034 praemium
768 4937 901 5040 fuere.
932 4941 1079 5020 Heroes
1106 4940 1194 5018 olim
1216 4938 1386 5020 Romani
1409 4938 1483 5017 sibi
1507 4937 1551 5014 oh
1579 4962 1688 5014 raras
1714 4935 1896 5042 utilesque
1916 4963 1989 5038 pe·

451 5043 614 5142 regrinis
652 5074 694 5123 es
722 5045 796 5122 oris
824 5049 996 5126 advectas
1017 5053 1173 5151 plantus
1201 5047 1452 5139 non-minus,
1495 5051 1609 5153 quhm
1649 5045 1691 5122 oh
1720 5045 1838 5146 spolia
1866 5045 1990 5147 opima

451 5154 722 5262 celebriumque
762 5168 1018 5239 catenatorum
1060 5159 1219 5237 hostium
1234 5158 1427 5262 fastosam
1470 5169 1559 5234 ante
1586 5182 1718 5234 currus
1746 5153 1990 5258 triumphales
2100 5219 2107 5232 .

448 5262 595 5360 seriem,
622 5266 949 5369 gratulabamur,-
977 5268 1112 5348 etenim
1141 5267 1351 5360 versillae,
1383 5267 1516 5374 quihus
1543 5294 1644 5346 nunc
1666 5265 1807 5344 dierum
1838 5265 1987 5361 oliveta,

448 5369 603 5467 vineae,
641 5377 844 5477 pomaria,
885 5377 985 5454 horti
1013 5377 1171 5458 oleracei
1199 5405 1242 5456 ae
1269 5390 1411 5483 segetes
1436 5390 1587 5456 nostrae
1614 5373 1825 5471 ditescunt,
1856 5374 1991 5480 stirpes

430 5479 528 5582 fere
554 5513 679 5563 onmes
720 5485 758 5591 in
787 5486 933 5591 origine
974 5489 1073 5565 euris
1117 5484 1337 5593 magnarum
1380 5487 1560 5566 debentur
1599 5485 1790 5577 virorum,
1835 5485 1989 5592 quiens

446 5593 633 5692 mandam
666 5598 727 5672 vel
765 5595 932 5674 esnisia
967 5600 1026 5674 vel
1050 5597 1189 5703 Africa
1218 5598 1345 5676 aliisve
1374 5595 1587 5703 longinquis
1615 5594 1828 5699 regionibus
1856 5623 1988 5699 eupor-

446 5714 592 5780 tanuut.
636 5705 727 5783 Hoc
769 5705 865 5784 idem
908 5721 1073 5786 nostram
1116 5707 1309 5812 Europam
1352 5707 1500 5786 enotieis
1541 5704 1690 5786 ditandi
1722 5706 1989 5808 vegetabilibus

443 5812 559 5892 etiam
600 5839 702 5892 nunc
742 5827 819 5893 stat
862 5817 1079 5904 consilium;
1118 5847 1186 5898 uec
1227 5815 1530 5900 aREGIBUS
1558 5813 1873 5922 Principibusque
1899 5813 1987 5894 Eu-
