4598 6908
775 621 1294 714 *nummata
1336 623 1347 636 ''
1727 613 1814 717 161

295 821 568 910 Panuucutns
605 813 791 922 altilibus,
828 831 1038 920 solitarius,
1074 843 1240 920 erectus,
1278 823 1419 930 petiole
1444 826 1623 925 aqualis,
1652 835 1719 904 aut
1743 834 1862 929 paulo

342 937 501 1023 brevior,
528 931 750 1007 illisormis.·

293 1129 458 1212 Fnoans
485 1135 659 1233 capitati,
686 1136 724 1208 in
743 1133 912 1232 capitulo
930 1134 1189 1232 depauperata
1207 1131 1344 1231 sapius
1362 1139 1438 1204 tres
1456 1153 1523 1204 seu
1543 1139 1726 1229 quatuor,¹
1751 1132 1862 1207 raris·

342 1237 437 1310 sime
454 1238 549 1323 duo,
577 1235 708 1323 erecti,
736 1235 873 1331 glabri,
901 1236 1141 1324 subsessiles,
1168 1232 1367 1334 pedicellis
1385 1235 1449 1304 vix
1468 1233 1698 1306 semilineam
1718 1232 1862 1328 longis:

284 1374 287 1380 ·
341 1337 581 1411 involucrum
599 1336 761 1410 bracteis
780 1347 946 1432 quatuor
963 1338 1012 1409 ad
1031 1357 1110 1424 sex,
1139 1331 1446 1422 membranaceis,
1474 1332 1605 1421 oratis,
1633 1332 1767 1420 acutis,
1795 1333 1863 1406 mi·

341 1437 466 1522 nimis,
494 1437 557 1510 vix
575 1436 849 1535 pedicellorum
869 1435 1115 1534 longitudine.

295 1635 438 1710 Canrx
466 1637 617 1732 glaber,-
644 1638 864 1724 tubulosus‚
892 1636 1063 1712 obsolete
1089 1637 1397 1724 decemstriatus,
1431 1635 1478 1708 ad
1505 1635 1603 1709 duas
1626 1634 1745 1707 lineas
1774 1657 1864 1704 cum

343 1737 502 1810 dimidia
529 1737 683 1832 longus,
710 1736 1082 1833 quinquedentatus,
1109 1736 1285 1811 dentibus
1312 1734 1542 1833 aequalibus,
1571 1733 1776 1819 subulatis,
1813 1733 1864 1805 ad

288 1881 290 1889 ν
343 1842 533 2010 margliues
556 1839 872 1931 membranaceis,
899 1836 1039 1912 vexilla
1063 1838 1212 1912 corolla
1239 1834 1356 1934 pauld
1380 1833 1634 1923 brevioribus,
1661 1832 1863 1906 fructiferis

226 1989 229 1994 -
289 1953 292 1994 ἑ
342 1947 436 2036 patu
453 1963 501 2017 ¹rar
1788 1960 1793 1970 ·

296 2135 492 2213 Coaomm
520 2137 797 2236 papilionacea,
824 2165 872 2215 cx
889 2122 992 2216 luteo
1010 2125 1149 2227 albida,
1176 2157 1244 2214 seu
1264 2125 1488 2237 pallescens.
1515 2123 1712 2210 Vexillum
1732 2155 1780 2211 ex
1799 2161 1862 2210 ca-

344 2238 422 2311 nali
440 2237 643 2314 staminum
662 2244 851 2329 solutum,
876 2241 1278 2336 oblongo-cuneatum,
1306 2263 1433 2335 ungue
1450 2239 1546 2322 lato,
1574 2234 1683 2332 apice
1704 2236 1864 2332 integer-

206 2381 209 2386 ·
343 2337 499 2425 rimum‚
527 2363 595 2414 uec
621 2339 913 2435 emarginatum,
941 2364 1041 2438 saepc
1066 2339 1396 2437 conduplicatum,
1425 2336 1495 2410 alis
1521 2335 1752 2408 semilineam
1780 2337 1862 2409 lou-

343 2437 442 2534 gius.
478 2438 567 2514 Alae
593 2438 785 2534 oblongae,
820 2442 988 2530 obtusae,
1019 2438 1147 2517 carina
1171 2437 1401 2513 semiliueam
1430 2437 1635 2530 longiores,
1662 2435 1864 2532 ipsamque

344 2539 587 2634 obtegentes}
612 2538 869 2624 cannabem,
897 2543 1052 2615 obtusa:
1089 2565 1237 2636 ungues
1264 2537 1340 2612 tam
1369 2536 1535 2622 alarum,
1564 2533 1682 2632 quam
1710 2536 1866 2624 carinas,-

343 2647 490 2724 tenues,
518 2627 642 2712 canali
659 2643 863 2714 staminum
881 2641 1128 2717 adherentes,
1511 2654 1517 2666 '

298 2837 523 2914 Sraumuru
549 2835 739 2912 filamenta
756 2838 974 2939 diadelpba,
1002 2864 1118 2916 unum
1136 2829 1312 2937 simplex,
1337 2837 1441 2912 aliud
1459 2837 1739 2925 noremfissum,
1768 2835 1866 2912 intra

347 2939 512 3013 carinam
530 2936 697 3032 inclusa3
721 2941 884 3014 antherae
902 2941 1027 3028 luteae,
1056 2939 1449 3014 oratosssubrotuudae.
1706 2941 1710 2948 '

298 3134 416 3212 Prsr.
446 3137 611 3210 Germen
629 3137 847 3236 oblongum,
875 3139 1028 3228 lineare,
1044 3133 1241 3235 glabrumt
1267 3138 1390 3236 stylus
1409 3137 1627 3225 subulatus,
1648 3160 1863 3234 assurgere,

347 3234 585 3333 longitudine
602 3237 824 3316 staminum:
850 3240 987 3338 stigma
1004 3242 1196 3316 obtusum.

298 3434 403 3512 Pau.
432 3434 626 3535 Legumeu
647 3439 796 3531 lineare,
815 3442 1115 3527 subcoriaceum,
1142 3435 1328 3538 glabrum,
1355 3459 1633 3540 compressum,
1655 3435 1866 3532 oblongum

347 3535 533 3626 univalve,
560 3539 668 3637 apice
688 3551 902 3618 extrorsum
925 3543 1119 3626 falcatum,
1146 3539 1290 3637 calycis
1310 3542 1488 3614 dentibus
1513 3538 1662 3617 lineam,
1691 3536 1867 3631 sesquili-

346 3661 474 3727 neam,
507 3645 546 3712 et
569 3639 686 3726 ultra,
714 3641 882 3738 longius,
916 3643 1221 3726 subtorulosum,
1252 3637 1339 3732 styli
1369 3637 1451 3710 basi
1478 3634 1699 3732 persistente
1724 3633 1864 3709 instra

348 3744 469 3810 ctum}
495 3733 640 3812 laterali
661 3747 796 3814 sutura
821 3741 973 3816 omnino
998 3739 1210 3814 dehiscens.
1237 3735 1377 3814 Omnia
1394 3732 1606 3832 Legumina
1630 3732 1669 3810 in
1692 3734 1865 3833 capitulo

347 3834 495 3921 fertilia,
522 3841 825 3944 erecto-patula,x
845 3862 994 3938 semper
1020 3849 1121 3914 sunt.

301 4030 466 4107 Sarnus
492 4031 530 4106 in
549 4031 699 4130 singulo
717 4035 907 4132 legumine·
922 4062 1023 4136 saepe
1038 4045 1125 4114 octo
1143 4025 1193 4114 ad
1212 4041 1356 4127 decem,
1382 4027 1864 4126 subrotundo-reuiformia,

350 4133 708 4230 compressiuscula,
736 4148 839 4211 arcte
859 4138 1134 4236 approximate,
1160 4141 1330 4215 subrufa.
1358 4137 1555 4213 Interdum
1575 4135 1699 4235 (quod
1720 4136 1861 4210 rarissi«

349 4230 639 4408 peglnopnutlla
655 4235 850 4314 abortiunt
865 4237 929 4328 ita,
958 4249 1001 4312 ut
1017 4238 1193 4336 legumen
1210 4239 1334 4318 soldm
1353 4238 1539 4341 quinque,¹
1566 4259 1646 4326 sex,
1674 4247 1868 4336 septemve

365 4355 405 4404 er
448 4357 486 4406 ra
517 4357 607 4409 era.

303 4529 467 4606 natira
490 4531 530 4608 in
546 4534 691 4612 vicinas
709 4537 759 4610 ue
777 4529 910 4612 caua
928 4541 966 4613 in
985 4527 1281 4614 extremarum,
1389 4511 1394 4520 ’

577 4733 707 4810 Floret
723 4734 845 4824 Maio,
871 4736 1000 4816 Junio.
1027 4737 1225 4814 Annuum.

305 4926 476 5005 Parum
502 4934 633 5030 pecori
650 4956 891 5034 summopere
906 4945 1024 5032 grata,
1050 4936 1194 5012 etmihi
1215 4959 1238 5012 a
1256 4927 1308 5013 D.
1331 4924 1530 5022 Vatorado,
1557 4928 1712 5008 alumno
1732 4943 1862 5012 nostro

354 5029 559 5108 Botauiees
576 5033 862 5133 diligentissimo
880 5061 980 5136 saepe
997 5040 1287 5114 communicata.

304 5229 455 5307 Sauras
480 5233 606 5307 media
627 5233 724 5309 inter
739 5233 897 5312 Trifolia
919 5246 958 5312 ct
973 5229 1231 5334 Trigonellas3
1257 5238 1325 5312 sed
1349 5238 1396 5310 ab
1417 5235 1494 5311 illis
1516 5235 1677 5310 diversa.
1705 5234 1864 5314 Clarias.

353 5332 378 5406 J
383 5332 541 5407 ussiaeus
562 5345 601 5408 et
620 5333 679 5409 La
701 5333 901 5411 Marckius
923 5361 1006 5412 eam
1025 5337 1208 5412 Melilotis
1233 5337 1517 5436 applicuerunt3
1543 5336 1611 5412 sed
1636 5335 1863 5412 aMelilotis

354 5431 446 5506 satis
465 5433 583 5507 distat
598 5434 755 5511 floribus
772 5463 843 5512 nec
860 5441 1084 5522 racemosis,
1112 5463 1179 5511 nec
1198 5438 1284 5511 laxe
1301 5437 1472 5534 spicatis,
1499 5436 1687 5533 legumine
1705 5436 1864 5531 longiori

355 5532 492 5607 falcato
518 5544 773 5632 octospermo,
801 5537 950 5612 corollae
976 5536 1111 5634 petalis
1135 5561 1211 5611 uon
1229 5537 1380 5626 solutis,
1407 5550 1445 5612 et
1462 5541 1614 5614 demum
1642 5535 1791 5634 petiolis
1809 5537 1865 5609 fo-

355 5629 489 5706 liorum
516 5633 740 5729 partialibus
766 5635 949 5726 minimis,
986 5637 1213 5735 aequalibus
1251 5635 1381 5714 Celeb.
1419 5635 1587 5711 Linneus
1614 5636 1736 5732 ipsam
1772 5661 1861 5710 cum

353 5727 522 5806 Trifoliis
548 5735 823 5812 subdivisione
843 5736 1101 5812 Melilotorum
1129 5736 1348 5825 associavit,
1375 5736 1429 5810 illi
1448 5733 1544 5810 salsd
1561 5759 1752 5809 racemum
1776 5759 1863 5808 ova-

353 5839 432 5904 tum
446 5831 633 5924 ,tribuens,
659 5861 747 5914 cum
765 5835 867 5914 certe
886 5838 1014 5914 nullos
1030 5862 1211 5926 racemos,
1230 5838 1299 5912 sed
1319 5860 1404 5910 vera
1421 5837 1587 5933 capitula
1605 5835 1863 5934 depauperata

1258 5961 1295 6010 ss
