4584 6912
493 591 586 688 190
939 585 1522 676 enrroasnrarr

500 794 701 874 breviores.
729 789 922 867 Interdum
952 787 990 859 in
1008 783 1183 859 foliorum
1210 778 1425 854 inferiorum
1453 770 1578 848 axillis
1595 773 1765 847 nonnulli
1783 774 1921 857 ramuli
1942 777 2010 854 obs

500 899 683 984 oriuntur,
712 893 780 969 scd
797 913 945 989 semper
962 883 1186 971 brevissimi,
1215 879 1374 965 steriles²
1400 872 1553 971 citdque
1569 883 1844 954 exarescentes.
1983 939 1989 946 .

454 1098 584 1174 Fonrr
611 1095 736 1170 omnia
753 1067 945 1192 opposita,
975 1084 1143 1170 sensilia,
1170 1079 1253 1156 basi
1271 1073 1459 1190 profunde
1477 1073 1722 1248 emarpinata,
1748 1075 2008 1188 lobulisobli-

503 1197 580 1295 que
609 1190 1028 1291 semiamplexantibns,
1058 1177 1316 1279 integerrima,
1347 1185 1526 1272 utrmque
1551 1174 1704 1288 gabra,
1733 1197 1849 1274 supra
1874 1175 2009 1252 viridia

502 1299 638 1370 subtus
656 1295 882 1390 subglauca‚
911 1301 948 1364 et
964 1289 1017 1363 ibi
1035 1281 1188 1385 punctis
1215 1303 1332 1380 prope
1351 1276 1536 1372 margines
1561 1275 1676 1372 nigris
1701 1274 1741 1348 in
1761 1275 1867 1351 disco
1887 1277 2007 1374 pellu-

504 1396 600 1470 cidis
626 1408 742 1492 atque
770 1393 957 1470 interdum
986 1386 1137 1488 papulis
1164 1379 1354 1456 nonnullis
1382 1374 1545 1450 minimis
1574 1386 1799 1474 conspersa,
1825 1399 2005 1463 nervosa,

502 1497 624 1568 nervis
645 1482 880 1566 inferioribus
897 1485 1081 1585 obliquis,
1110 1477 1295 1582 supremis
1321 1479 1474 1552 duobus
1502 1475 1619 1572 paulo
1638 1475 1733 1549 iufra
1755 1476 1835 1551 folii
1860 1474 2006 1573 apicem

504 1593 739 1688 conjunctis3
764 1589 937 1664 inferiora
964 1585 1084 1664 caulis
1110 1584 1273 1668 minora,
1301 1576 1603 1662 sublanceolata,
1630 1575 1911 1662 obtusiuscula,
1940 1575 2007 1648 ad·

420 1756 422 1760 .
504 1718 645 1790 pressa,
674 1689 955 1774 subimbricata,
982 1682 1201 1760 internodiis
1219 1676 1340 1778 duplo
1366 1689 1431 1752 aut
1449 1675 1552 1750 ultra
1566 1675 1743 1771 longiora,
1772 1676 1821 1749 ad
1840 1673 2005 1758 medium

505 1793 626 1866 caulis
654 1787 1082 1880 subeordato-oblonga,
1110 1787 1148 1856 in
1174 1781 1318 1880 apicem
1346 1773 1653 1851 obtusiusculum
1679 1783 1888 1864 attenuata,
1920 1774 2006 1846 laxe

506 1893 707 1988 adpressa,
734 1888 955 1963 internodiis
983 1882 1143 1982 aqualia
1168 1891 1234 1955 aut
1250 1879 1365 1978 paulo
1384 1876 1572 1962 breviora,
1600 1873 1686 1949 dein
1705 1899 1835 1948 versus
1860 1873 2005 1972 apicem

504 1991 623 2064 caulis
651 1991 737 2086 plus
755 1989 925 2066 minusve
950 1993 1108 2070 remota,
1137 1981 1268 2078 ibique
1294 1978 1367 2052 sub
1385 1973 1498 2050 ramis
1523 1973 1694 2048 floriferis
1721 1973 1855 2047 latiora
1873 1973 2006 2080 paulo·

506 2115 582 2186 que
605 2085 785 2175 breviora,
814 2084 1183 2168 orato-subcordata,
1210 2089 1334 2167 acuta,
1361 2076 1508 2174 patula:
1536 2077 1662 2147 omnia
1686 2073 1856 2148 siccitate
1875 2073 2008 2170 margi-

505 2213 589 2262 nem
609 2188 815 2262 revolvuut.
848 2187 1010 2268 Ramea,
1039 2181 1126 2256 edm
1144 2181 1301 2264 adsunt,
1328 2199 1469 2281 pauca,
1495 2173 1692 2263 distantia,
1720 2172 1834 2279 triplo
1855 2181 1893 2247 et
1909 2173 2006 2262 ultra

507 2287 667 2372 caulinis
685 2288 839 2372 minora,
868 2285 960 2382 ipsis
979 2281 1153 2366 caeterdm
1171 2279 1320 2358 similia
1421 2384 1425 2392 Ι

457 2487 616 2566 Fnonas
643 2485 806 2581 cymosi,
822 2484 980 2558 ’caulem
1004 2506 1204 2577 ramosque
1226 2479 1487 2568 terminantes3
1512 2498 1629 2571 cymae
1646 2497 1775 2548 omnes
1797 2473 2003 2572 simplices,

504 2587 620 2662 semel
639 2585 801 2672 bifurca,
829 2583 978 2679 singulo
994 2605 1042 2656 ex
1061 2583 1212 2654 duobus
1231 2581 1344 2656 radiis
1365 2581 1402 2654 in
1420 2575 1565 2650 anthesi
1584 2575 1734 2649 unciam
1754 2573 1802 2647 ad
1821 2575 1919 2648 duas
1938 2596 2005 2652 un.-

503 2689 582 2759 cias
601 2686 723 2782 longo,
750 2683 969 2782 paucifloro‚
996 2681 1154 2755 floribus
1171 2679 1292 2752 tribus
1309 2679 1359 2752 ad
1377 2703 1444 2751 sex
1468 2672 1570 2771 (rard
1588 2675 1699 2762 ultra,
1727 2673 1797 2747 nisi
1815 2674 2006 2756 interdum

504 2784 543 2858 in
562 2809 670 2880 cyma
687 2782 871 2858 terminali
889 2781 1033 2878 caulis)
1059 2781 1262 2853 introrsum
1280 2777 1474 2862 secundis,
1503 2774 1677 2848 solitariis
1699 2773 1737 2848 in
1756 2773 1904 2870 singula
1921 2776 2006 2848 bra-

505 2894 673 2958 ctearum
691 2883 818 2969 axilla,
846 2881 1004 2954 breviter
1020 2878 1298 2978 pedunculatis,
1327 2876 1513 2975 pedicello
1537 2874 1672 2948 lineam
1690 2873 2004 2971 sesquilineamve

504 2983 639 3077 longo,
666 2991 813 3068 erecto,
842 2979 1036 3052 ad'florem
1065 2989 1187 3051 autem
1207 2976 1461 3052 bifurcationis
1488 2976 1583 3048 duas
1614 2975 1663 3046 ad
1681 2985 1756 3047 tres
1776 2971 1893 3048 lineas
1915 2974 2005 3058 alto.

507 3080 629 3174 Cyma
647 3082 794 3154 caulem
814 3078 1016 3151 terminans
1040 3101 1140 3175 saepe
1157 3077 1373 3152 brevissime
1389 3073 1662 3174 pedunculata,
1690 3083 1833 3148 etcum
1852 3074 2005 3154 duobus

505 3181 620 3252 ramis
638 3177 808 3253 floriferis
828 3178 968 3250 inferne
985 3179 1032 3250 ab
1051 3178 1134 3275 ipsa
1151 3203 1284 3275 parum
1304 3175 1542 3263 distantibus,
1572 3199 1718 3272 cymam
1738 3175 2000 3272 compositam,

506 3276 701 3350 cruciatiru
723 3277 1062 3374 quadrirndiatam,
1091 3277 1277 3385 patulam,
1306 3275 1586 3372 corymbosam,
1615 3272 1788 3373 diphyllo
1812 3274 2004 3360 involucro

510 3377 698 3482 stipatam,
726 3377 915 3474 effingens.

459 3577 659 3666 Banasam
687 3577 759 3651 sub
777 3575 925 3674 singula
945 3580 1055 3674 cyma
1078 3575 1164 3652 dna
1181 3574 1380 3674 oppositae,
1408 3572 1707 3672 erecto-patulas,
1735 3574 1920 3672 pedicello
1936 3573 2003 3650 floae

507 3677 559 3749 ris
577 3675 783 3752 intermedii
801 3680 916 3774 paulo
934 3675 1131 3775 longiores,
1161 3675 1387 3764 lanceolatae,
1415 3673 1671 3763 acutiuscula,
1700 3674 2000 3763 serrato-ciliatae,

509 3774 603 3848 ciliis
622 3776 736 3871 nigris
755 3801 981 3874 conspersae.

460 3973 760 4050 Penrsurrrrum
787 3976 971 4068 profunde
988 3975 1355 4072 quinquepartitum
1378 3974 1520 4050 lacinia
1538 3972 1893 4060 ovato-lanceolata,
1915 4000 2003 4049 acri,

508 4072 700 4160 tiusculae,
729 4074 1037 4159 serrato-ciliatae,
1065 4071 1160 4148 ciliis
1182 4073 1451 4168 glanduliferis,
1479 4096 1668 4159 concavae,
1695 4072 1844 4160 virides,
1874 4099 2003 4148 nervo-

510 4196 580 4258 sae,
619 4194 766 4266 opacae,
800 4172 975 4268 utrinque
1003 4186 1124 4246 tamen
1152 4173 1444 4270 punctis'nigris
1471 4174 1673 4270 adspersa,
1702 4175 1998 4274 erecto-patula,

378 4342 379 4345 ,
513 4280 588 4344 tres
614 4270 689 4342 sere
712 4270 827 4342 lineas
851 4270 983 4367 longa,
1010 4273 1262 4368 persistentes·

455 4471 659 4550 Conopas
687 4469 811 4567 petala
827 4469 998 4569 quinque
1015 4471 1123 4559 flava,
1150 4471 1325 4569 patentia,
1352 4483 1516 4571 quatuor
1541 4473 1589 4545 ad
1608 4497 1675 4546 sex
1693 4473 1768 4545 fere
1788 4473 1903 4546 lineas
1920 4473 1999 4548 lon·

508 4595 565 4665 ga,
595 4577 771 4668 utrinque
793 4595 841 4644 ex
860 4571 982 4646 medio
1007 4573 1054 4646 ad
1073 4571 1216 4668 apicem
1236 4572 1424 4670 praecipud
1447 4574 1497 4646 ad
1516 4572 1698 4668 margines
1718 4572 1867 4670 punctis
1884 4573 1998 4668 nigris

509 4694 727 4767 conspersa,
755 4671 1004 4760 multiuervia‚
1032 4671 1307 4759 oblanceolata,
1335 4697 1401 4748 seu
1428 4673 1723 4766 omli-oblonga,
1756 4671 1863 4768 apice
1889 4675 1998 4745 obtu-

509 4771 678 4850 siusculo
695 4770 930 4868 inaequaliter
947 4772 1140 4870 crapulata
1157 4772 1370 4870 ciliataque,
1397 4773 1492 4854 ciliis
1508 4772 1621 4868 nigris
1639 4771 1887 4866 glandulosis.

462 4970 589 5043 Sasu.
618 4972 803 5044 filamenta
831 4993 1039 5058 numerosa,
1068 4971 1342 5068 quinquaginta
1365 4981 1402 5046 et
1421 4971 1530 5056 ultra,
1559 4971 1766 5068 inaequalia,
1793 4968 1995 5068 capillaria,

507 5066 617 5154 flava,
643 5080 777 5155 erecta,
807 5069 949 5143 corolla
966 5068 1144 5157 breviora,
1173 5071 1254 5145 basi
1271 5075 1334 5147 vix
1351 5073 1616 5170 polyadelpha,
1644 5071 1717 5144 alia
1733 5071 1829 5144 enim
1848 5069 1996 5168 penitus

508 5165 638 5252 libera,
667 5169 740 5240 alia
757 5193 879 5264 pauco
897 5192 1052 5242 numero
1069 5169 1252 5244 fasciatim
1277 5171 1357 5244 basi
1379 5173 1515 5244 coalita
1534 5171 1597 5272 pix
1620 5195 1664 5244 ac
1682 5195 1752 5244 nec
1769 5175 1833 5244 vix
1850 5168 1998 5266 conspi-

507 5267 668 5342 ciuntur.
696 5269 874 5352 Antherae
892 5267 1010 5357 flav-te,
1038 5267 1272 5360 biloculares‚
1291 5269 1367 5353 lere
1385 5271 1561 5370 didymae,
1582 5271 1668 5346 hinc
1685 5271 1757 5347 sub
1776 5270 1883 5368 apice
1900 5293 1997 5368 pun·

488 5431 499 5442 ,,
510 5377 571 5442 oto
588 5367 693 5465 nigro
711 5375 855 5446 uotatae.

455 5568 571 5649 ‘P1sr.
601 5567 764 5642 Germen
784 5593 976 5666 superum,
1005 5569 1348 5665 ovato-oblongum,
1374 5571 1572 5668 trigonum,
1600 5572 1720 5646 dilute
1742 5569 1871 5644 viride.
1900 5567 1997 5662 Styli

507 5681 582 5742 tres
599 5668 695 5754 flavi,
724 5669 994 5766 erecto-patuli,
1022 5669 1199 5758 subulati,
1221 5671 1452 5766 longitudine
1470 5673 1691 5760 Stamiuum,
1712 5679 1996 5757 marcescentes,

509 5769 690 5868 Stigmata
702 5767 919 5887 ‚simplicia-³
934 5772 1077 5868 obtusa,
1104 5771 1335 5880 nigricantis.
