4508 6924
552 695 621 788 54
1007 697 1598 780 rurroaanrura

516 899 630 974 Prsr.
670 895 838 971 German
863 893 1141 994 quadrifidum,
1169 893 1412 993 depressum,
1438 895 1612 992 glabrum
1654 893 1787 993 Stylus
1810 895 1990 994 simplex,
2015 921 2074 973 an-

566 998 683 1074 theris
703 996 861 1096 longior.
889 995 1036 1094 Stigma
1054 996 1249 1070 obtusum.

516 1201 683 1276 Ssnrss
712 1206 897 1298 quatuor,
925 1195 1042 1272 latere
1062 1193 1238 1271 interiore
1263 1193 1365 1296 stylo
1380 1196 1598 1296 persistenti
1620 1157 1749 1286 affixa,
1777 1195 2075 1298 hemisphaerica,

566 1323 746 1390 concava,
770 1297 915 1395 glabra,
943 1297 1087 1388 striata,
1115 1322 1267 1394 rugosa,
1295 1297 1463 1393 margine
1480 1299 1801 1376 subdenticulata.

518 1499 683 1574 Habitat
710 1499 757 1572 ad
777 1499 925 1574 radices
942 1501 1145 1586 montium,
1173 1497 1210 1571 in
1228 1495 1396 1572 humidis
1419 1507 1457 1572 et
1475 1495 1662 1574 umbrosis
1685 1499 1866 1575 silvaticis
1889 1499 1990 1574 circa
2008 1501 2079 1576 Co-

567 1600 790 1676 nimbricam
807 1615 846 1676 et
862 1600 953 1674 alibi
973 1603 1010 1673 in
1030 1599 1143 1672 Beira
1158 1609 1196 1672 et
1213 1597 1414 1672 Lusitania
1430 1599 1586 1675 boreali.
1632 1600 1763 1674 Floret
1778 1626 1865 1676 vere
1879 1615 1919 1675 et
1937 1615 2077 1678 astate.

509 1801 604 1875 'Oba
626 1802 670 1874 l.'
697 1801 977 1975 Cynosslossum
1002 1797 1458 1875 nostrum'Lusitauicum
1473 1809 1541 1874 est
1556 1819 1685 1874 verum
1705 1799 1984 1897 Cynoglossum
2002 1801 2080 1876 Lu*

568 1901 768 1976 sitanicum
842 1960 851 1976 .
883 1902 941 1976 La
964 1899 1152 1988 Marckii,
1189 1911 1228 1972 et
1255 1901 1505 1998 Ompknlodas
1531 1899 1747 1972 Lusitaniae
1774 1902 1923 1988 elutior,
1963 1907 2079 2002 Cyna·

555 2002 692 2200 gllpcapn
685 2003 788 2178 {1⁰ss
804 2003 885 2078 Cel.
903 2001 1173 2096 Toumesortii3
1198 2023 1318 2098 quare
1335 2023 1588 2095 synonymum
1606 1999 1711 2074 istud
1728 2013 1858 2075 nostro
1875 2001 2000 2076 solium
2017 2027 2082 2102 ap·

521 2304 605 2379 oss.
625 2307 674 2378 9.·
701 2301 984 2399 Cynoglossum
1003 2301 1287 2390 Lusitauicum,
1313 2302 1414 2374 loliis
1432 2299 1598 2375 cordatis
1612 2301 1976 2400 amplexicaulibus,
2003 2299 2083 2399 gla-

569 2403 660 2485 uris,
689 2403 855 2498 margine
883 2405 1053 2488 laevibus,
1082 2403 1136 2484 D.
1156 2403 1267 2476 Vahl.
1295 2401 1420 2500 Symb.
1445 2411 1481 2476 ⁶2.
1500 2429 1594 2500 pag.
1616 2411 1678 2487 34,
1706 2414 1743 2476 et
1764 2401 1922 2477 celeber.
1948 2403 2082 2481 Willd.

571 2507 610 2576 iu
631 2502 717 2577 Lin.
737 2503 801 2600 Sp.
822 2502 884 2574 Pl.
906 2501 1006 2576 Tam.
1027 2504 1061 2577 I.
1085 2531 1126 2599 p.
1148 2511 1183 2576 2.
1200 2529 1293 2601 pag.
1314 2507 1399 2574 765.
1423 2523 1499 2574 uon
1522 2501 1688 2574 occurrit
1707 2501 1745 2575 in
1764 2501 1974 2588 Lusitania,
2005 2517 2083 2580 est·

570 2624 648 2699 que
666 2602 796 2700 planta
818 2627 841 2674 a
858 2613 987 2674 nostra
1001 2603 1169 2685 diuersa,
1197 2605 1323 2672 annrra
1347 2603 1443 2681 sits,
1470 2598 1571 2670 loliis
1590 2601 1772 2687 cordatis,
1800 2603 2084 2698 amplexicauli-

538 2696 660 2790 'bns,
688 2701 845 2790 aveniis,
872 2699 1193 2806 glauco-viribus,
1219 2699 1349 2792 ligura
1366 2695 1451 2772 *ferd
1478 2695 1667 2774 Brassica
1697 2701 1903 2791 amentatis,
1941 2703 2082 2778 corolla

569 2803 669 2892 alba,
697 2813 770 2879 etc.

516 2999 609 3076 'Oba
627 3001 677 3076 3.·
704 2995 986 3098 cynoglossum
1006 2997 1283 3088 Lusitaniam,
1303 2994 1403 3072 loliis
1421 2997 1806 3088 lineari-lanceolatis,
1834 3003 1976 3080 scabris
1993 2997 2079 3083 tta.

572 3101 638 3198 Sp.
656 3101 786 3174 Plant.
811 3109 890 3182 193.
911 3111 949 3174 et
966 3100 1061 3173 illud
1079 3101 1228 3174 Milleri
1245 3099 1349 3174 Dict.
1368 3125 1405 3172 n.
1426 3105 1461 3174 6.
1490 3101 1613 3176 caule
1629 3113 1765 3191 erecto,
1792 3125 1956 3191 ramoso,
1981 3107 2082 3183 foliis

572 3199 804 3288 lanceolatis,
820 3201 978 3288 scabris
1003 3199 1215 3286 sessilibus,
1243 3199 1359 3297 spicis
1376 3199 1512 3278 florum
1532 3201 1773 3298 longissimis,
1800 3223 1878 3277 non
1894 3193 2079 3280 estctiam

568 3299 660 3402 plns
684 3311 853 3375 nostrum
879 3301 995 3398 qudm
1019 3300 1118 3376 illud
1146 3300 1198 3379 D.
1223 3299 1356 3386 Vahl,
1385 3325 1510 3398 neque
1533 3301 1737 3400 hucusque
1763 3303 1870 3377 ullibi
1895 3304 2013 3379 visum
2041 3309 2084 3386 in

572 3401 792 3484 Lusitania;
818 3401 913 3474 lorte
941 3402 1070 3499 planta
1095 3401 1258 3496 hybrida
1284 3425 1332 3472 ex
1349 3411 1478 3476 nostro
1498 3401 1722 3501 Cynoglosro
1743 3403 1917 3503 linisolio,
1946 3418 2011 3479 et:
2068 3457 2079 3480 .

572 3503 720 3600 planta,
755 3525 822 3576 seu
850 3500 1072 3600 Cynoglossi,
1090 3496 1242 3601 linifolii
1264 3501 1425 3578 varietas
1450 3503 1646 3598 grandior,
1677 3503 1780 3578 loliis
1801 3505 1968 3604 supernd
1989 3534 2008 3582 s
2073 3558 2085 3572 -

572 3600 719 3700 pilosis,
745 3600 1030 3691 scabriusculis,
1049 3605 1289 3702 ariumque
1305 3603 1345 3676 iu
1362 3603 1608 3700 marginibus.
1798 3595 1803 3610 '

522 3784 609 3878 Oln.
627 3806 679 3878 4.·
709 3803 974 3903 Cynoglosrum
1000 3805 1248 3903 Ompdnlodas
1274 3804 1378 3895 Lim,
1413 3804 1587 3903 Scopuli,
1615 3803 1855 3906 aliorumque
1880 3807 2083 3883 Botauico-

571 3929 668 3992 rum,
695 3929 771 3976 nou
788 3910 956 3979 occurrit
980 3905 1018 3978 in
1039 3903 1247 4000 Lusitania,
1275 3907 1330 3985 uti
1346 3907 1527 3999 creditur,
1556 3919 1594 3982 et
1615 3907 1794 4006 anostra,
1821 3909 1922 3988 toliis
1942 3910 2081 3987 corda·

541 4003 624 4093 „tis
642 4006 853 4102 oratioque,
880 4015 940 4080 sat
956 4007 1162 4084 diversum.
