4562 6940
549 641 584 736 ll
1002 651 1588 728 Pu‘YTo‘o‘RAPnln

766 845 896 922 Foru
916 845 1066 920 cauliua
1085 869 1221 943 pauca,
1251 851 1416 940 quatuor
1433 851 1500 917 aut
1517 865 1595 928 sex,
1624 837 1865 926 subcordata,
1893 837 2067 940 oblonga,

569 949 827 1038 acutiuscula,
864 946 1204 1038 sinuato-dentata,
1239 943 1416 1016 dentibus
1440 938 1660 1028 crenulatis,
1688 939 1813 1012 omnia
1836 939 2068 1020 radicalibus

569 1051 724 1134 minora,
753 1047 939 1146 opposita,
966 1045 1092 1119 infima
1109 1043 1298 1118 interdum
1315 1042 1533 1116 brevissime
1549 1039 1739 1140 petiolata,
1767 1039 1841 1113 alia
1859 1039 2017 1120 sessilia.

521 1245 937 1322 Fuouas‘varticilleti:
961 1245 1134 1323 verticilli
1150 1243 1351 1332 numerosi,
1373 1258 1564 1318 racemum
1583 1239 2066 1336 longissimum,ram0rum

567 1346 645 1420 sere
673 1347 926 1444 longitudine,
952 1347 1173 1427 efficientes;
1200 1344 1391 1418 inferiores
1417 1345 1651 1423 remotiores,
1680 1365 1727 1413 ex
1753 1342 1940 1438 supremis
1967 1369 2065 1421 unus

569 1459 636 1522 aut
659 1449 756 1521 alius
779 1447 968 1520 interdum
995 1445 1202 1535 abortiens3
1233 1469 1362 1518 omnes
1386 1469 1487 1541 saepe
1513 1439 1680 1526 sexllori,
1707 1439 1865 1516 floribus
1889 1444 2066 1542 utrinque

566 1548 701 1632 tribus,
730 1547 965 1632 subcernuis‚
993 1546 1180 1621 interdum
1200 1544 1378 1618 secundis
1397 1543 1571 1618 omnibus
1589 1566 1668 1626 sex,
1693 1539 1853 1614 breviter
1869 1544 2065 1638 peduncu-

566 1647 653 1720 latis
671 1648 900 1744 pedunculis
918 1647 1052 1719 lineam
1072 1647 1119 1718 ad
1140 1644 1404 1741 sesquilineam
1426 1643 1565 1738 longis;
1587 1639 1691 1716 rachi
1711 1639 1819 1714 viridi
1836 1653 1903 1715 aut
1920 1668 2063 1743 purpu-

565 1760 749 1836 rascente,
768 1747 914 1833 villosa,
941 1745 1165 1844 villis-apice
1181 1743 1580 1818 vesiculam-viscosis.

518 1947 718 2022 Burcana
746 1946 818 2021 sub
836 1945 984 2040 singulo
1002 1945 1184 2020 verticillo
1205 1945 1302 2028 duae,
1330 1951 1512 2042 patentes,
1540 1942 1844 2028 cordato-ovatae,
1872 1947 2063 2021 acumina-

545 2059 623 2132 ··tae,
652 2047 824 2120 acumine
842 2045 1023 2120 inseram
1042 2047 1190 2120 brevem
1214 2043 1445 2141 mollemque
1464 2044 1662 2140 producto
1689 2061 1789 2113 nunc
1808 2042 1944 2116 virides
1961 2069 2063 2122 nune

542 2171 789 2243 purpurea,
804 2159 915 2218 extus
933 2145 1215 2232 villosaintus
1233 2145 1385 2236 glabrae,
1413 2167 1587 2216 concavae
1606 2139 1812 2236 leviterque
1830 2143 1978 2232 striata,
2006 2146 2063 2220 iu-

564 2247 782 2338 tegerrimae,
811 2245 878 2314 sed
896 2243 971 2313 oris
988 2242 1258 2336 marginalibus
1276 2239 1423 2323 ciliatae,
1444 2241 1592 2314 latiores
1611 2239 1726 2336 quam
1747 2239 1879 2336 lougae,
1897 2244 1935 2316 iu
1953 2247 2062 2319 verti·

566 2344 664 2417 cillis
683 2341 918 2416 inferioribus
943 2342 1061 2436 calyri
1081 2340 1249 2434 aquales
1271 2343 1368 2434 (seta
1385 2341 1613 2438 supputata)
1640 2351 1705 2413 aut
1721 2340 1838 2437 paulo
1854 2341 2059 2435 breviores,

563 2443 601 2516 in
621 2442 775 2540 reliquis
795 2441 925 2538 calyce
943 2441 1100 2516 dimidio
1118 2438 1194 2514 lere
1214 2441 1410 2514 breviores.
1453 2515 1456 2520 ,

516 2643 789 2721 luvouucauu
805 2683 808 2690 ·
823 2639 1104 2738 quadrisetum3
1131 2638 1529 2736 setae-utrinque‘duae
1553 2641 1602 2714 ad
1624 2642 1926 2738 pedunculorum
1950 2644 2060 2720 basin

561 2743 736 2839 interque
752 2743 943 2825 bracteas,
972 2753 1088 2838 arque
1106 2740 1197 2817 istas
1215 2741 1478 2828 decussantes,
1507 2739 1884 2831 lineari-lanceolata,
1910 2745 2058 2834 molles,

562 2843 720 2952 villosae,
746 2851 892 2928 erectae,
920 2840 1150 2946 pedunculis
1169 2839 1208 2914 in
1225 2839 1370 2916 anthesi
1394 2839 1455 2914 vix
1477 2838 1677 2938 longiores,
1704 2841 1841 2918 deinde
1858 2843 2058 2935 breviores,

563 2953 851 3016 marcescentes.

513 3129 656 3218 Graux
683 3143 983 3242 campanulatus,
1008 3144 1226 3230 bilabiatus,
1252 3150 1329 3218 tres
1349 3150 1558 3240 quatuorve
1577 3142 1694 3216 lineas
1715 3143 1863 3242 longus,
1890 3146 2064 3238 striatas,

561 3244 691 3319 viridis
719 3257 785 3318 aut
811 3270 1112 3342 purpurascens,
1139 3245 1319 3330 villosus,
1336 3243 1449 3318 'villis
1476 3242 1878 3318 vesiculam-viscosis:
1904 3246 2058 3322 'labium

560 3345 737 3442 superius
755 3345 991 3441 depressum,
1009 3346 1284 3432 bilacunosum,
1305 3342 1677 3440 quinquecostatum,
1704 3353 1810 3418 costa
1826 3343 1949 3417 media
1967 3371 2059 3422 acu·

537 3444 644 3532 :aori
660 3444 896 3542 elatiorique,
922 3447 1032 3540 apice
1049 3446 1086 3518 in
1097 3445 1278 3518 obtusam
1295 3443 1615 3540 rotundatamque
1631 3443 1789 3518 formam
1805 3442 2065 3535 terminatum,¹

517 3545 853 3640 ¹emarginatum,
883 3544 1149 3632 tridentatum,
1174 3543 1379 3620 denticulis
1406 3541 1630 3640 spinulosis,
1659 3543 1811 3619 duobus
1837 3543 2055 3620 lateralibus

558 3644 750 3732 brevibus,
778 3644 999 3720 intermedio
1017 3645 1238 3720 brevissimo
1261 3657 1298 3718 et
1316 3643 1426 3742 quasi
1444 3643 1634 3734 obsoleto;
1662 3642 1804 3718 labium
1820 3643 1972 3720 inferius
1990 3671 2055 3721 su-

555 3745 694 3840 periori
719 3744 951 3842 longitudine
971 3749 1130 3846 aequale,
1160 3745 1329 3836 bitidum,
1356 3743 1534 3820 dentibus
1551 3743 1787 3833 acuminatis,
1813 3744 2057 3843 subpungen-

539 3843 671 3918 *tibus

513 4019 708 4118 Conouun
734 4042 892 4131 labiata,
920 4045 1082 4118 obscure
1103 4050 1287 4133 violacea,
1316 4054 1382 4118 aut
1398 4047 1586 4119 interdum
1607 4045 2051 4144 excaeruleopurpurea,

560 4142 749 4216 rarissime
772 4143 875 4214 alba:
902 4141 1044 4216 labium
1063 4145 1238 4244 superius
1259 4143 1431 4240 quinque
1453 4141 1529 4217 fere
1548 4143 1664 4215 lineas
1683 4143 1847 4240 longum,
1875 4157 2052 4236 ereetum,
2171 4209 2175 4220 .

558 4242 824 4330 subsalcatum,
852 4266 1121 4338 compressum,
1149 4247 1340 4332 obtusum,
1369 4243 1498 4318 leviter
1514 4243 1794 4337 emarginatum,
1822 4245 1937 4318 latere
1954 4257 2055 4320 utro-

538 4363 636 4436 ‘que
662 4343 759 4416 linea
786 4345 1113 4418 arcuata-elevata
1139 4355 1328 4428 notatum,
1362 4355 1473 4418 extus
1499 4343 1695 4436 villosum3
1732 4343 1872 4416 labium
1900 4344 2053 4421 iuferius

557 4441 676 4536 paulo
702 4442 872 4528 breviuS,
899 4454 1010 4516 extus
1040 4443 1234 4532 villosum,
1262 4443 1448 4530 trifidum,
1481 4441 1624 4518 laciniis
1654 4443 1804 4516 duabus
1834 4443 2052 4519 lateralibus

557 4539 753 4630 brevibus,
782 4542 944 4630 obtusis,
972 4543 1259 4630 oblanceolatis,
1288 4543 1487 4628 subtortis,
1521 4543 1799 4616 horizontaliter
1823 4543 2051 4619 intermediae

556 4641 877 4730 incumbentibus,
895 4643 1115 4718 intermedia
1132 4643 1560 4730 deflexasubrotunda,
1588 4667 1765 4724 concava,
1791 4643 1945 4738 integra.
1973 4643 2053 4718 vix-

557 4767 633 4837 que
649 4742 896 4839 emarginata:
924 4745 1015 4818 faux
1032 4744 1190 4830 tumida,
1211 4743 1407 4818 latitudine
1425 4743 1567 4839 calycis
1585 4753 1622 4815 et
1639 4767 1755 4840 supra
1773 4741 1896 4838 ipsum
1918 4767 2052 4840 parum

541 4853 697 4931 exerta,
725 4845 796 4917 sub
815 4843 917 4918 labio
931 4844 1103 4920 inferiore
1119 4845 1288 4941 gibbosa,
1316 4845 1457 4940 glabra,
1484 4843 1840 4940 albida-purpuram
1866 4844 1982 4916 tubus
1999 4845 2051 4916 al·

557 4937 689 5026 bidus,
716 4941 978 5035 glaberrim-us,
1007 4946 1144 5018 sensim
1169 4945 1380 5042 angustior,
1408 4943 1642 5018 admedium
1665 4943 1738 5014 sub
1756 4944 1871 5015 latere
1889 4942 2052 5018 inferiori

557 5037 785 5112 constrictus
803 5050 841 5112 et
856 5043 999 5114 fossula
1014 5055 1180 5118 notatus.

509 5239 699 5314 Sruurun
728 5247 905 5334 quatuor,
924 5241 1412 5338 quonum-duocomposita
1429 5241 1574 5326 fertilia,
1593 5249 1629 5314 et
1646 5241 1724 5316 duo
1742 5241 1929 5340 simplicia
1945 5244 2051 5317 steri-

554 5338 616 5423 lia,
644 5340 692 5411 ad
718 5340 883 5435 priorum
909 5342 1035 5426 latera,
1063 5352 1101 5413 et
1122 5341 1238 5437 paulo
1261 5341 1355 5414 infra
1378 5341 1472 5438 ipsa,
1500 5343 1582 5417 sita.
1621 5343 1927 5440 Compositorum
1950 5343 2051 5417 ferti·

556 5437 650 5510 liunt
668 5439 868 5524 filamenta,
895 5465 963 5514 seu
988 5440 1173 5536 pedicelli,
1201 5442 1279 5514 duo
1297 5441 1525 5531 brevissima,
1553 5443 1691 5530 albida,
1718 5443 1837 5518 faucis
1859 5443 1975 5538 gibbo
1996 5442 2050 5515 in·

555 5549 618 5610 tus
635 5537 786 5623 inserta,
812 5541 859 5612 ad
879 5539 1117 5614 insertionem
1137 5541 1331 5630 crassiora,
1359 5555 1494 5630 erecta,
1521 5555 1558 5616 et
1574 5539 1736 5638 superne
1753 5542 1791 5614 in
1809 5542 2049 5638 squamulam

541 5659 758 5712 concavam
784 5639 997 5720 terminata:
1025 5640 1159 5714 borum
1184 5643 1281 5738 apici
1308 5643 1380 5718 sub
1397 5643 1599 5738 squamula
1622 5645 1700 5715 duo
1719 5642 1792 5714 alia
1811 5642 2049 5715 transversim

553 5737 679 5820 affixa,
708 5737 847 5824 albida,
873 5763 1038 5836 quorum
1064 5765 1152 5837 pars
1171 5741 1287 5814 altera
1309 5743 1480 5839 superior
1501 5753 1664 5828 arcuata,
1692 5742 1847 5836 longior,
1875 5741 1962 5814 labii
1984 5765 2048 5813 su·

547 5835 711 5934 perieris
742 5838 991 5936 longitudine,
1008 5851 1057 5918 et
1082 5840 1155 5916 sub
1182 5840 1266 5942 ipso
1292 5843 1459 5932 reclusa,
1487 5841 1727 5927 antherilera5
1758 5841 1875 5916 altera
1900 5839 2049 5916 inferior
