4598 6908
675 619 735 712 ’.
804 639 1254 721 noar-'rtrum
1678 631 1770 726 117

245 837 406 914 -Scirus
433 841 593 925 annuus,
620 839 782 922 erectus,
810 834 984 934 quinque
1006 835 1057 910 ad
1073 835 1255 911 tredecim
1277 831 1408 910 uncias
1431 837 1542 925 altus,
1570 841 1679 928 teres,
1706 863 1809 915 crass

302 938 468 1015 situdine
484 960 615 1035 pennae
632 934 861 1032 gallinacea,
889 937 1030 1033 glaber,
1059 937 1200 1026 viridis,
1227 938 1278 1011 ad
1295 937 1402 1011 basin
1420 949 1460 1011 et
1476 937 1549 1010 sub
1566 947 1665 1012 terra
1682 939 1807 1016 albus.

131 1243 134 1250 1
255 1139 432 1214 Rucsuo
454 1145 561 1216 sante
572 1138 851 1214 florescentium
869 1139 969 1238 s'aepe
986 1146 1146 1228 erectus,
1167 1135 1205 1212 ln
1222 1135 1368 1213 antlies'i
1380 1135 1507 1213 autem
1521 1135 1622 1238 saepe
1640 1137 1728 1237 plus
1741 1137 1810 1214 ms

300 1265 420 1314 nusae
438 1265 613 1327 cmnuns,
631 1240 736 1314 rachi
756 1240 842 1334 (seu
860 1239 1080 1336 pedunculo
1099 1239 1288 1316 communi
1308 1243 1502 1338 protenso)
1520 1241 1618 1314 duas
1636 1239 1687 1313 ad
1702 1239 1812 1335 quin-

302 1365 379 1437 que
397 1339 529 1414 uncias
547 1341 671 1437 longa,
698 1365 746 1413 ex
763 1337 872 1412 viridi
889 1341 1159 1427 caerulescenti,
1188 1341 1324 1414 sensim
1350 1365 1481 1414 versus
1499 1340 1644 1436 apicem
1667 1339 1812 1414 tenuio-

302 1440 351 1528 ri,
381 1437 523 1514 inferne
542 1439 739 1529 subtereti,
767 1463 930 1536 superne
953 1441 1147 1536 angulosa.
1177 1440 1309 1514 Flores
1326 1451 1401 1514 tres
1426 1441 1475 1513 ad
1493 1440 1621 1536 viginti
1645 1451 1682 1514 et
1700 1439 1811 1526 ultra,

302 1565 374 1638 pro
400 1541 538 1638 plantae
564 1540 710 1636 vigore,
742 1539 814 1614 soli
838 1539 999 1628 ratione,
1026 1543 1099 1613 e'tc.
1126 1539 1301 1625 solilarii,
1328 1539 1480 1626 alterni,
1506 1543 1608 1636 saepe
1635 1541 1810 1627 secundi,

304 1665 469 1738 quorum
488 1640 721 1728 terminales,
750 1640 842 1714 dum
859 1637 1035 1738 inaperti,
1064 1641 1195 1724 erecti,
1223 1651 1260 1714 et
1281 1642 1317 1714 in
1336 1641 1495 1714 racemis
1514 1639 1727 1714 multifloris
1749 1665 1812 1714 co·

251 1807 255 1818 .
301 1739 388 1816 nied
414 1740 681 1838 approximati',
708 1741 748 1813 in
770 1739 916 1814 anthesi
943 1737 1050 1826 verb,
1078 1763 1146 1812 seu
1172 1741 1264 1813 dum
1291 1741 1428 1838 aperti,
1456 1765 1555 1838 saepe
1580 1739 1656 1814 fere
1681 1755 1812 1814 omnes

303 1841 451 1928 cernui,
479 1843 566 1938 plus
583 1843 753 1913 minusve
772 1837 898 1925 odori,
926 1838 1186 1937 pedunculatir
1217 1840 1433 1914 Pedoncoli
1458 1841 1666 1926 filiformes,
1694 1865 1814 1914 caeru-

303 1941 364 2030 lei,
383 1943 421 2014 in
437 1940 595 2014 floribus
613 1938 848 2012 inferioribus
866 1949 952 2012 octo
970 1939 1019 2012 ad
1038 1938 1256 2036 quindecim
1278 1941 1393 2012 lineas
1414 1940 1525 2036 longi,
1546 1941 1675 2037 ibique
1693 1940 1814 2014 corol-

248 2087 250 2092 ·
304 2041 352 2116 lae
375 2043 432 2114 vel
457 2040 625 2138 aequales
649 2039 708 2112 vel
725 2040 840 2136 paulo
864 2037 1070 2133 longiores,
1098 2039 1237 2112 sensim
1261 2063 1393 2113 versus
1419 2039 1563 2137 apicem
1587 2040 1725 2113 racemi
1750 2041 1815 2114 de-

308 2150 539 2226 crescentes,
565 2139 696 2236 ibique
711 2138 856 2212 corolla
873 2138 1073 2224 breviores,
1102 2163 1204 2236 saepe
1220 2140 1298 2214 fere
1316 2163 1446 2213 omnes
1463 2165 1511 2213 ex
1531 2140 1671 2236 patenti
1689 2163 1815 2213 recur-

304 2243 359 2327 vi,
386 2240 498 2336 pauci
525 2240 561 2314 iu
580 2239 726 2313 anthesi
751 2239 886 2330 erecti3
911 2239 1091 2312 fructiferi
1117 2240 1255 2338 patuli,
1284 2265 1350 2314 seu
1372 2240 1461 2338 plus
1485 2239 1655 2313 minusve
1680 2241 1812 2328 erecti,

250 2393 256 2402 .
305 2339 620 2438 longitudineque
636 2351 896 2435 augescentes.
1612 2365 1616 2372 ·

251 2541 340 2616 Son
368 2541 518 2636 singulo
534 2542 754 2639 pedunculo
773 2530 934 2615 bractea
957 2541 1044 2614 duae
1063 2542 1373 2628 membranaceae,
1401 2540 1602 2626 subulatae,
1631 2542 1813 2630 caerulea,

278 2703 280 2706 .
305 2639 380 2715 alia
397 2643 516 2716 altera
532 2643 752 2715 sublaterali
769 2643 845 2714 fere
862 2640 975 2738 triplo
994 2640 1120 2729 latior,
1149 2642 1270 2739 duplo
1291 2641 1451 2737 triplove
1477 2641 1637 2736 longior,
1666 2641 1814 2728 striata,

305 2739 449 2816 inferne
467 2741 727 2838 pedunculum
750 2741 993 2838 amplexans,
1020 2739 1105 2837 ipso
1125 2743 1346 2840 corollaque
1370 2741 1539 2838 inaperta
1565 2740 1726 2835 longior,
1755 2764 1819 2814 co·
1917 2755 1919 2760 '

253 2884 256 2892 ·
304 2841 410 2916 rollae
426 2855 551 2916 autem
571 2853 710 2938 apertae
729 2840 977 2938 subaequalis,
1004 2855 1071 2913 ant
1087 2841 1263 2937 aequalis,
1290 2865 1374 2914 raro
1394 2841 1556 2936 longior;
1583 2853 1670 2936 post
1687 2841 1819 2914 authe-

298 2943 364 3014 -sin
381 2942 419 3014 in
436 2940 595 3016 floribus
612 2941 849 3016 inferioribus
866 2940 1085 3038 pcduncolo
1104 2939 1262 3029 brevior,
1290 2953 1330 3015 et
1348 2965 1435 3015 cum
1455 2941 1529 3014 alia
1546 2963 1801 3016 marcescens,

240 3141 401 3215 «Crtnrx
428 3145 572 3219 nullus.

256 3340 454 3420 Conopon
482 3343 767 3442 campanulum,
795 3367 921 3442 usquc
946 3345 998 3419 ad
1014 3345 1298 3443 receptaculum
1317 3344 1542 3446 sexpartita,
1572 3343 1737 3438 ideoque
1754 3342 1829 3413 mi.'

253 3471 257 3506 :
308 3443 345 3516 hi
366 3443 603 3542 hexapetala,
633 3443 714 3518 basi
732 3445 881 3531 obtusa,
909 3451 947 3516 et
963 3445 1015 3518 ibi
1033 3449 1097 3518 vix
1114 3469 1159 3520 ac
1176 3471 1245 3520 nec
1264 3445 1492 3520 rix'tumida
1510 3469 1578 3519 seu
1597 3441 1823 3532 ventricosus

252 3587 256 3596 ·
334 3543 442 3618 stalis
468 3543 706 3642 aequalibus,
733 3541 875 3630 acutis,
901 3541 1288 3636 lineari-lanceolatis,
1328 3570 1396 3620 sex
1422 3547 1472 3618 ad
1501 3545 1678 3622 undecim
1694 3539 1823 3612 'lineas

252 3689 258 3696 -
305 3567 447 3740 longis,
475 3644 744 3742 sesquilineam
770 3645 818 3718 ad
839 3644 937 3717 duas
956 3645 1075 3718 lineas
1095 3645 1131 3716 in
1150 3646 1275 3718 medio
1294 3645 1398 3726 latis,
1428 3639 1630 3726 caeruleis,¹
1644 3637 1760 3710 dorso
1778 3639 1824 3711 li-

254 3787 260 3798 ·
307 3766 379 3813 nea
396 3747 603 3817 saturatius
624 3743 883 3817 caerulescenti
908 3743 1051 3838 vixque
1073 3743 1217 3814 elevata
1231 3740 1396 3826 ‚notatis
1423 3736 1564 3810 inferne
1582 3737 1824 3834 approxima·

309 3839 375 3926 tis,
402 3843 626 3938 ‘tubamque
652 3841 951 3914 subobconicum
988 3843 1076 3936 plus
1102 3838 1274 3911 minusve
1309 3839 1459 3912 brevem
1484 3835 1766 3931 effingentibos,
1800 3837 1823 3913 b

258 4001 262 4010 .
308 3937 435 4011 medio
461 3940 512 4011 ad
530 3939 675 4034 apicem
704 3940 791 4033 plus
819 3936 992 4009 minusve
1009 3937 1186 4011 recurvis
1209 3938 1384 4039 interque
1411 3959 1493 4010 sese
1510 3935 1670 4022 dissitis,
1700 3937 1823 4013 tribus

257 4071 261 4082 ·
302 4038 475 4112 externis
492 4038 634 4114 inferne
654 4061 755 4135 saepe
771 4034 1022 4136 planiosculis
1037 4036 1216 4112 omnibus
1235 4038 1389 4112 demum
1407 4035 1740 4111 marcescentibus

258 4227 392 4313 sris.
430 4238 620 4312 filamenta
645 4255 729 4326 sex,
767 4221 948 4325 caerulea,
984 4223 1287 4327 membranacea,
1315 4237 1561 4326 sublincaria,
1590 4239 1820 4326 acumlo‘ata,

309 4339 381 4412 tria
398 4338 542 4411 alterna
567 4337 649 4410 aliis
676 4336 792 4435 paulo
813 4337 999 4433 longiora,
1027 4348 1066 4412 et
1083 4339 1217 4436 petalis
1241 4350 1256 4431 t
1278 4339 1465 4426 breviora,
1495 4340 1646 4433 singula
1673 4339 1824 4436 singulo

311 4441 455 4537 petalo,
483 4437 653 4534 longiora
675 4438 725 4510 ad
742 4436 858 4534 petali
876 4439 1062 4526 medium,
1092 4439 1260 4512 breviora
1276 4439 1352 4512 fere
1370 4463 1489 4536 prope
1506 4437 1634 4522 basin,
1661 4440 1822 4528 adnata,

311 4541 465 4612 demum
491 4539 565 4610 sub
583 4543 750 4632 germine
767 4537 921 4625 coalita,
949 4541 1270 4636 receptaculoque
1287 4537 1528 4613 adhaereotia.
1558 4537 1738 4614 Autlrerae
1757 4563 1826 4612 caea

311 4641 438 4722 ruleae,
463 4635 647 4730 oblonga,
674 4637 835 4721 obtusae,
864 4635 1044 4736 utrinque
1067 4636 1202 4725 bifidae,
1229 4639 1366 4712 fissura
1388 4634 1550 4712 inferiori
1575 4637 1824 4733 profundiori,

311 4731 588 4821 incumbentes,
615 4734 856 4811 biloculatea
1277 4742 1288 4756 “

265 4925 381 5011 Ριετ.
410 4936 576 5010 German
593 4949 794 5031 superum,
822 4933 942 5008 diluta
963 4933 1183 5024 coerulenm,
1211 4945 1384 5025 acutum,
1413 4935 1605 5026 conicum,
1632 4937 1824 5034 glabrum,

314 5039 593 5124 scxsnlcatum,
622 5035 893 5132 sexangulum,
921 5033 1040 5110 sulcis
1063 5048 1101 5112 et
1117 5037 1266 5133 angulis
1289 5039 1366 5111 fere
1385 5038 1576 5112 obsoletis.
1605 5039 1738 5136 Stylus
1756 5063 1827 5114 cae-

314 5137 457 5224 ruleoS,
486 5135 616 5210 leviter
634 5135 850 5220 subulatus,
877 5135 1093 5226 tristriatus,
1120 5139 1418 5236 subtriquetrus,
1446 5137 1682 5234 longitudine
1700 5140 1828 5212 stami-

314 5255 405 5310 num
433 5234 663 5322 breviorum,
690 5233 776 5308 rard
803 5235 964 5332 longior,
992 5259 1242 5312 marcescens.
1280 5239 1426 5342 Stigma
1452 5238 1649 5327 obtusum,
1678 5240 1828 5336 guttula

314 5336 531 5448 madidum,
561 5330 661 5408 lente
684 5345 808 5410 autem
832 5335 952 5446 vitrea
972 5341 1096 5412 visum
1118 5339 1288 5436 granulis
1313 5339 1477 5438 hyalinis
1501 5338 1677 5414 trifariam
1702 5339 1832 5438 dispo-

314 5445 398 5508 sitis
419 5458 678 5533 conspersum.

266 5630 460 5706 Canauna
487 5633 688 5733 triquetra,
716 5633 888 5722 trisulca,
917 5641 1173 5726 acutiuscula,
1201 5639 1291 5737 plus
1309 5639 1433 5714 minus
1451 5641 1710 5738 magnitudine
1737 5639 1826 5738 pisi,

318 5731 558 5823 trilocularis,
586 5733 764 5824 trivalvis,
791 5734 901 5834 apice
918 5737 1119 5816 dehiscens
1138 5739 1297 5816 valvulis
1315 5741 1507 5828 coriaceis,
1535 5740 1663 5813 foscis.

1211 5959 1263 6010 GG
