4598 6908
562 527 660 626 tao
800 507 805 524 '
1011 543 1613 619 ‘eurr-oonarnm

577 737 833 834 brevioribus,
873 734 1101 832 profundius
1135 733 1335 823 exscissiS,
1369 733 1655 821 remotioribus,
1686 733 1795 832 apice
1820 743 1935 811 acuto
1958 737 2093 816 subre-

577 866 707 930 curvo,
735 839 819 912 aliis
838 835 959 910 tribus
978 835 1209 934 aequalibus,
1237 836 1439 926 subulatis,
1467 835 1592 911 rectis.

516 1044 630 1120 ‘Con
660 1041 804 1139 Calyce
822 1036 981 1114 dimidid
999 1036 1159 1134 longior,
1177 1037 1300 1112 'etsie
1323 1039 1362 1112 in
1380 1063 1516 1136 genere
1533 1059 1662 1134 parva,
1690 1061 1758 1111 seu
1776 1037 1993 1114 mediocris.
2019 1039 2093 1116 'Ve-

578 1143 716 1218 xillum
743 1141 864 1216 dilute
890 1163 1148 1238 purpureum,
1176 1148 1252 1213 tres
1272 1139 1389 1213 lineas
1417 1136 1683 1214 cumdimidia
1700 1138 1872 1235 long-um,
1900 1140 1998 1214 duas
2019 1142 2093 1216 sere

545 1291 557 1314 .·
578 1246 715 1332 latum,
754 1244 979 1328 obovatum,
1017 1239 1217 1325 obtusum,
1248 1239 1526 1338 emarginatura
1552 1237 1750 1329 subnulla,
1778 1239 2091 1331 erectiusculum,

577 1345 761 1419 lateribus
779 1339 1003 1427 retroflexis,
1028 1339 1268 1436 unguelato.

527 1546 626 1622 Anas
655 1543 901 1632 sublineares,
930 1542 1115 1638 oblongae,
1139 1543 1299 1632 obtusa,
1319 1541 1604 1642 *vexillo-paulo
1624 1542 1827 1630 breviores,
1855 1541 2092 1640 albido-pur-

577 1671 718 1746 pureae.

517 1848 696 1922 ‘Camers
724 1845 794 1919 alis
813 1844 930 1940 paulo
948 1844 1107 1932 brevior,
1136 1843 1276 1932 albida,
1304 1843 1412 1942 apice
1433 1855 1746 1944 purpurascente,
1773 1843 2090 1936 semiorbiculata,

578 1971 705 2044 ungue
726 1944 951 2020 semibifido.

518 2147 667 2224 Sasu:
695 2149 886 2224 filamenta
911 2143 1134 2243 diadelpha,
1161 2144 1302 2221 albida.
1331 2146 1519 2222 ·Antherae
1538 2148 1674 2236 luteae,
1702 2145 2090 2234 ovato-subrotundae,

577 2247 887 2344 quadrisulcatae.

719 2441 874 2540 3Nnnes
901 2443 1085 2538 glandula
1101 2445 1317 2520 acuminata
1334 2445 1431 2519 inter
1448 2455 1593 2522 stamen
1612 2447 1865 2546 compositum
1884 2454 1923 2519 et
1939 2468 2095 2540 germen

776 2568 797 2615 e
821 2547 1063 2640 receptaculo
1090 2547 1225 2631 oritur,
1260 2547 1327 2618 sed
1355 2546 1934 2644 tantummoddreceptaculum
1959 2545 2093 2643 partlm

781 2645 981 2730 clevatum,
1006 2654 1045 2716 et
1062 2644 1420 2741 pedieellogermen
1438 2647 1649 2730 sustinente
1667 2649 1924 2722 terminatum.

520 2839 642 2922 ἓΡιετ.
670 2847 836 2921 Germen
855 2843 1270 2937 linearialenceolaturn,
1297 2845 1428 2932 viride,
1456 2845 1643 2943 glabrum,
1672 2847 1959 2947 pedicellatum,
1987 2847 2093 2944 pedi·

563 2947 674 3026 ,cello
698 2957 865 3034 setaceo,
892 2943 1129 3040 longitudine
1154 2945 1312 3042 calycis,
1340 2947 1567 3045 persistenti.
1602 2949 1736 3045 Stylus
1761 2947 1973 3046 capillaria,
2002 2945 2093 3020 albi·

577 3049 663 3132 dus,
684 3048 736 3121 ad
754 3048 934 3142 angulum
953 3057 1097 3119 rectum
1117 3072 1165 3119 ex
1178 3048 1344 3141 germine
1362 3048 1600 3121 adscendens
1616 3051 1708 3142 (sub
1726 3049 1902 3143 stigmate
1920 3047 2092 3143 undique

574 3147 790 3236 barbatum,
810 3145 1047 3241 longitudine
1065 3147 1282 3222 staminum.
1304 3149 1453 3244 Stigma
1471 3149 1596 3238 breve,
1615 3150 1807 3237 obtusum,
1827 3147 2092 3222 subvillosum.

519 3349 750 3426 desumat
777 3345 815 3420 in
836 3345 1068 3445 pedunculis
1094 3347 1362 3422 communibus
1389 3348 1629 3424 inferioribus
1656 3374 1775 3423 uuum
1802 3350 2032 3438 alterumve,
2056 3347 2091 3420 iu

576 3447 838 3549 superioribus
864 3445 953 3532 tria,
977 3455 1048 3519 aut
1066 3459 1233 3542 quatuor
1258 3449 1420 3544 saepius,
1449 3473 1533 3522 raro
1560 3449 1658 3532 duo,
1685 3449 1871 3546 pendula,
1900 3471 2091 3546 compres-

525 3613 531 3622 .
574 3550 763 3724 siuseulla
792 3549 843 3622 ad
869 3546 1014 3656 semina
1038 3547 1306 3638 subtorulosa,
1327 3547 1478 3645 glabra,
1506 3548 1778 3646 sesquilineam
1805 3547 1899 3636 lata,
1942 3550 2045 3622 bad
2069 3555 2091 3624 7

486 3741 489 3744 ¹
567 3653 696 3728 'lineas
730 3675 842 3749 onga.

517 3853 709 4024 'Ssurssb
721 3851 760 3927 in
777 3853 944 3948 germine
957 3850 984 3924 '5
1002 3841 1054 3924 ad
1070 3857 1110 3947 73
1137 3841 1274 3924 fertilia
1291 3853 1326 3938 3,
1354 3857 1390 3939 4,
1417 3856 1453 3939 5,
1481 3849 1671 3925 rarissime
1689 3871 1769 3939 sex,
1796 3847 1973 3946 globosa,
1989 3846 2089 3924 colo·

575 3977 617 4025 re
635 3977 680 4025 su
711 3961 890 4027 testaceo.
1392 3989 1397 4004 ·

826 4148 957 4223 Floret
983 4147 1102 4235 Maio,
1130 4145 1260 4222 Junio.

521 4348 690 4425 Habitat
713 4348 751 4422 in
768 4347 852 4421 solo
872 4343 1043 4422 calcareo
1065 4345 1233 4434 uallium,
1254 4345 1498 4446 colliumque
1516 4373 1635 4450 prope
1653 4349 1947 4443 Conimbricam,
1975 4353 2083 4428 etiam

575 4451 613 4525 in
632 4449 715 4528 solo
733 4471 830 4540 raro,
859 4448 960 4524 circa
978 4448 1135 4521 Setubut
1148 4460 1187 4522 et
1204 4448 1294 4522 alibi
1311 4448 1350 4522 in
1368 4447 1493 4539 Beira,
1522 4465 1560 4526 et
1577 4453 1871 4546 Extremadura.

525 4649 564 4728 N
568 4675 621 4728 on
644 4652 915 4728 confundenda
931 4674 1019 4726 cum
1035 4647 1148 4723 Vicia
1165 4649 1372 4750 teauisolia,
1392 4652 1454 4726 cui
1472 4653 1603 4741 affinia,
1624 4653 1751 4728 differt
1767 4653 1864 4728 enim
1883 4653 2015 4727 cirrhis
2032 4651 2084 4724 in·

575 4753 804 4928 tegierritmis,
831 4777 989 4828 numero
1006 4751 1164 4839 florum,
1191 4751 1345 4826 corollis
1363 4752 1488 4852 parvis
1505 4765 1544 4828 et
1559 4753 1643 4829 aliis
1660 4755 1759 4832 notis
1778 4755 1816 4828 in
1834 4754 2081 4854 descriptione

575 4879 614 4926 1n
645 4881 703 4928 ica
722 4879 766 4928 rs.
1602 4895 1603 4898 ¹

525 5050 638 5129 Usar:
664 5053 792 5152 pecori
808 5059 957 5152 gratum
974 5051 1157 5152 pabulum
1175 5060 1340 5150 praestat.
