4474 6932
694 631 1144 724 bustruaria
1213 695 1220 702 -
1589 619 1682 720 lat

191 783 341 924 'dano
353 840 518 940 superne
536 837 695 940 clausis:
711 839 819 938 *infra
836 837 974 936 singuli
991 835 1124 911 tubuli
1136 833 1308 918 medium
1321 819 1510 931 glandula
1526 839 1717 934 russata,

207 951 320 1033 duva,
343 939 560 1018 columella
573 939 733 1015 casuali
745 941 873 1014 affixa
917 957 920 964 ’
977 983 984 998 ·
1342 1057 1346 1072 Ι
1481 955 1519 998 ,·..
1567 977 1594 992 c.

154 1149 289 1222 Sasu.
317 1142 507 1219 filameuta
524 1148 628 1242 'saepe
643 1150 741 1230 octo,
769 1141 959 1218 interdum
978 1146 1125 1227 norell,
1147 1139 1297 1228 decelat,
1314 1145 1393 1215 'bell
1410 1135 1607 1232 ulrdeclr'rr,
1635 1157 1722 1219 obaz

208 1247 295 1336 lita,
324 1245 346 1318 e
374 1245 494 1319 fundo
520 1247 668 1340 corolplae
693 1253 844 1329 exorta,
873 1241 1113 1316 columellam
1137 1251 1178 1332 ‚et
1203 1241 1424 1332 tubulorum
1452 1244 1724 1342 dissepimenta

147 1377 151 1398 2
209 1341 378 1444 quatuor
394 1338 539 1426 inferne
551 1335 774 1446 ,efficientia
799 1339 968 1440 superne
995 1351 1107 1432 cutm¹
1126 1341 1445 1416 corollaelaucern
1464 1343 1661 1441 ¹pn'ulucta
1685 1343 1725 1418 iri

209 1439 866 1545 corpus·solidumcylisdrieum,
892 1443 1127 1538 pubescens,
1152 1441 1439 1531 antberilerum,
1472 1445 1582 1541 apice
1604 1462 1725 1542 supra

201 1537 466 1634 .·autlreras,·1lu
483 1541 679 1617 ooruloula
695 1541 935 1630 brevissima,
961 1539 1103 1639 saepius
1117 1543 1219 1634 octo,
1233 1541 1427 1636 ¹solutum}
1449 1541 1637 1628 'Anffiera
1657 1560 1724 1618 sae·

208 1665 260 1744 pe
283 1651 391 1729 octo,
410 1665 495 1716 raro
513 1651 671 1742 septam,
697 1653 833 1715 uorem
856 1643 1085 1724 autdecem,
1113 1641 1298 1736 oblongae,
1326 1653 1455 1732 acute,
1484 1643 1723 1732 biloc‘rrl'a'res,

210 1745 445 1821 basileviter
462 1743 603 1831 bifida,
632 1742 851 1831 eiuemceae,
868 1751 990 1816 extus
1009 1751 1112 1814 arcte
1128 1741 1331 1836 contigue,
1355 1743 1595 1818 salaminus
1612 1743 1726 1818 iuter-

206 1845 261 1919 md
279 1835 513 1930 cabetulltu,
539 1842 726 1941 irruebam
751 1841 897 1939 positu,
926 1849 964 1916 el
980 1839 1077 1936 apici
1100 1839 1288 1914 columnae
1305 1841 1531 1935 'cylindricae
1545 1843 1726 1917 'filamen-

206 1959 338 2046 rorum
361 1945 518 2017 asinatae
538 1942 616 2016 sub
634 1941 857 2031 oomioulis,
886 1939 1145 2015 cumcurollo·
1158 1949 1452 2016 assuescentem
1478 1941 1607 2042 poll'eu
1628 1944 1727 2019 cinc-¹

210 2065 335 2119 reum.
1197 2067 1199 2076 ’
1251 2070 1254 2078 ·
1297 2065 1302 2078 “
1420 2067 1424 2077 ·
1513 2081 1515 2088 >
1618 2071 1622 2080 ·

149 2182 363 2322 baumer
388 2246 430 2317 ia
448 2242 557 2317 radio
572 2240 756 2339 corymbi,
782 2224 1023 2369 subsessiles,
1052 2225 1190 2338 singuli
1209 2238 1371 2340 sigusina
1388 2187 1545 2362 oblecliss·
1567 2243 1571 2252 '

156 2445 496 2618 Psnrpurrrrou,
522 2449 567 2516 ut
592 2442 631 2537 iu
657 2441 859 2530 masculis,
886 2443 964 2517 sed¹
983 2433 1111 2516 foliola
1136 2439 1315 2539 germini,
1342 2435 1464 2546 patulo¹
1486 2439 1581 2514 iolla
1603 2439 1728 2540 ‘ipsius

213 2569 276 2618 me
305 2545 398 2632 ium,
420 2543 573 2617 insertis.
698 2555 704 2594 ³
963 2555 966 2564 '
1267 2575 1270 2582 ⁴
1448 2549 1451 2555 '
1664 2569 1667 2574 ·

158 2743 382 2831 Con'ouur,
414 2747 455 2817 ul
479 2746 516 2816 in
533 2739 731 2828 masculis,
756 2748 798 2814 'at
814 2764 969 2838 supera,
998 2733 1093 2815 tubo
1117 2739 1328 2837 composito
1354 2741 1528 2840 ampliori
1550 2741 1729 2816 breviori*

218 2868 306 2942 que,
335 2853 452 2942 atque
470 2841 615 2916 tubulis
634 2837 860 2939 partialibus
879 2840 1088 2930 latioribus,
1116 2841 1287 2938 praedita.

14 3037 20 3054 ‘
126 3076 131 3088 ·
163 3042 284 3117 P1su.
312 3041 476 3116 German
493 3039 666 3128 inferum,
696 3022 986 3134 subglobosum,
1014 3039 1174 3128 luteum,
1202 3039 1502 3136 subpubesce'ns.
1531 3041 1663 3137 Stylus
1683 3063 1732 3116 ex

221 3140 331 3237 apice
355 3139 532 3237 germinis
557 3149 596 3213 et
622 3139 659 3211 in
679 3151 807 3212 centro
826 3149 992 3235 quatuor
1012 3140 1250 3226 tubulorum,
1279 3138 1533 3234 cylindricus,
1562 3141 1729 3230 solidus,

220 3265 347 3336 usque
374 3240 422 3312 ad
442 3237 577 3334 stigma
603 3238 700 3311 duas
718 3245 841 3312 tresve
867 3237 983 3312 lineas
1002 3240 1157 3336 longus,
1186 3237 1324 3311 luteus.
1353 3238 1499 3336 Stigma
1522 3242 1732 3336 'capitatum

220 3341 370 3436 absque
387 3336 602 3426 corniculis,
622 3347 872 3446 ¹octogonum,
899 3342 1187 3450 octosulcatum,
1215 3339 1373 3411 luteum.

88 3555 99 3578 ⁸
166 3527 306 3615 Bacca
333 3537 510 3636 globosa,
537 3533 797 3632 magnitudine
819 3536 929 3610 nucis
952 3538 1166 3623 avellanae,
1200 3533 1251 3609 'ad
1274 3535 1419 3632 apicem
1444 3536 1614 3612 obsolete
1638 3556 1732 3636 quaa

222 3637 478 3734 drangularis,
508 3638 716 3720 lutescens,
746 3637 899 3710 demum
924 3636 1049 3721 lusca,
1079 3657 1180 3731 sape
1203 3633 1487 3722 octolocularis,
1515 3641 1638 3713 rarius
1664 3664 1734 3714 sex

185 3821 188 3828 ,
223 3739 360 3812 loculis
378 3737 573 3826 instructa,
602 3735 746 3810 corolla
763 3733 1030 3808 subemarcida
1045 3742 1235 3806 coronata.

171 3941 342 4014 Ssurun
369 3930 618 4018 subrotuoda,
643 3929 765 4018 fusca,
794 3929 1114 4019 numerosissima,
1141 3928 1406 4008 minutissima.
1485 4019 1486 4022 Ἴ

173 4133 403 4211 Habitat'in
424 4129 618 4205 radicibus
644 4117 842 4217 buticum,
875 4128 1040 4204 maxime
1068 4127 1259 4203 Cistornm
1287 4129 1503 4227 parasitica,
1531 4133 1631 4208 circa
1658 4136 1733 4212 Co·

225 4234 460 4322 nimbricam,
479 4223 582 4305 trans
596 4229 760 4326 Tagum,
779 4239 816 4304 et
832 4226 922 4303 alibi
939 4228 978 4304 iu
995 4238 1074 4304 tota
1089 4225 1166 4304 lere
1184 4228 1382 4306 Lusitania
1398 4233 1563 4309 maxime
1582 4236 1734 4314 boreali.

476 4385 582 4506 nor,
609 4429 707 4528 Apr.
737 4427 832 4504 Mai.
860 4427 962 4504 nnn.

182 4633 286 4709 Usus.
317 4632 456 4708 Planta
481 4631 707 4720 amaricans,
734 4627 903 4725 stiptica,
929 4625 1068 4712 tonica
1101 4634 1256 4718 succus,
1283 4623 1447 4704 maxime
1475 4655 1523 4704 ex
1549 4631 1733 4710 fructibus

228 4732 443 4808 recentibus
461 4730 629 4804 contusis
647 4739 685 4802 et
701 4727 902 4826 expressis,
926 4729 965 4801 iu
982 4738 1193 4802 extractum
1212 4729 1376 4803 solidum
1394 4729 1484 4804 solis
1503 4731 1628 4806 calore
1644 4736 1734 4808 den·

231 4843 338 4906 salus
364 4831 414 4904 ad
433 4831 661 4905 coercendas
687 4827 994 4922 haemorrbagias,
1023 4826 1287 4924 profluviaque
1312 4829 1437 4901 alvina
1461 4831 1565 4928 apud
1591 4843 1735 4908 veteres

229 4931 356 5029 magui
381 4931 511 5005 fiebat:
547 4928 812 5026 incomposita
836 4927 961 5024 magni
988 4926 1167 5016 ambitus,
1198 4937 1241 5000 ut
1264 4927 1505 5019 Theriacam,
1534 4929 1736 5009 Mithrida·

231 5035 327 5106 tium
346 5040 383 5104 et
398 5029 659 5104 Throchiscos
677 5029 725 5102 de
743 5027 891 5114 carabe,
917 5026 1146 5101 etiamnunc
1163 5025 1288 5102 intrat.

184 5132 251 5206 Ob.
277 5132 319 5208 l.‘
344 5131 408 5206 Ex
424 5129 629 5204 seminibus
649 5127 806 5226 maturis
824 5126 953 5225 aliqua
975 5127 1167 5202 interram
1184 5127 1398 5203 decidentia
1410 5129 1525 5225 juxta
1542 5131 1735 5210 Cistorum

232 5233 372 5305 collum
399 5229 583 5321 radicale,
610 5239 677 5302 aut
692 5227 781 5302 alibi
807 5251 926 5325 prope
949 5227 1100 5303 illorum
1128 5221 1295 5318 radices,
1322 5230 1387 5303 ubi
1412 5229 1535 5304 solum
1563 5243 1738 5331 apertum

233 5339 301 5404 aut
315 5328 470 5416 mobile,
498 5329 547 5403 ab
565 5327 675 5426 aquis
693 5326 922 5426 pluvialibus
948 5329 997 5402 ad
1015 5327 1217 5402 teneriores
1234 5328 1381 5404 radices
1399 5331 1576 5406 deorsum
1594 5333 1740 5408 vehun-

232 5441 315 5516 tur,
341 5427 471 5526 ibique
488 5428 641 5528 proprio
657 5451 775 5503 succo
794 5428 942 5523 solique
962 5427 1054 5502 sicci
1072 5428 1352 5526 compressione
1374 5453 1503 5504 earum
1522 5433 1651 5506 cortici
1670 5435 1737 5507 ad-

232 5528 393 5620 harenc,
420 5529 519 5602 hunc
539 5528 676 5602 sensim
695 5550 819 5625 usque
837 5526 886 5598 ad
903 5525 1104 5601 alburnum
1122 5539 1316 5627 rumpunt,
1341 5540 1545 5628 penetrant,
1568 5534 1737 5606 tandem·

235 5653 327 5726 que,
354 5627 489 5702 mediis
506 5631 634 5702 succis
652 5627 891 5701 affluentibus
913 5641 962 5700 ex
979 5627 1107 5702 radice
1124 5628 1230 5714 laesa,
1258 5653 1354 5704 novo
1372 5629 1527 5718 cortice,
1554 5633 1593 5704 in
1611 5633 1738 5705 tuber·

235 5727 311 5801 culi
328 5728 484 5801 formam
503 5730 659 5814 elevato,
686 5727 858 5825 undique
883 5737 1153 5825 conteguntur:
1179 5729 1231 5801 ibi
1259 5729 1322 5802 diu
1351 5731 1655 5827 unumquodque
1681 5755 1736 5804 re·

236 5831 385 5903 clusum
404 5835 540 5918 manet,
564 5839 602 5903 et
618 5837 773 5926 vegetat,
798 5827 995 5906 tuberculo
1011 5827 1132 5906 indies
1148 5827 1434 5917 intumescente,
1452 5853 1575 5928 usque
1592 5831 1642 5907 ad
1655 5855 1737 5930 ger-

1092 5931 1191 6001 uua
