4562 6940
625 693 1421 821 -aamuurro

272 1421 486 1568 Numana
504 1487 826 1589 peragrationibus
844 1488 922 1561 suis
942 1484 1131 1573 terminos,
1150 1485 1276 1560 nullas
1294 1483 1386 1558 alias
1406 1473 1613 1568 columnae,
1633 1484 1701 1559 uisi
1721 1485 1817 1584 qtrds

272 1609 406 1667 natura
430 1593 555 1679 terris,
583 1589 806 1663 recentiores
825 1588 997 1662 Batanici
1023 1588 1243 1676 affixerunt3
1268 1587 1321 1659 illi
1351 1601 1422 1658 non
1452 1585 1632 1656 maiorum
1660 1587 1818 1661 iuuentis

273 1693 433 1767 conteuti
453 1715 600 1788 semper
617 1689 667 1762 ad
686 1689 862 1762 ulte'r‘lora
881 1689 1050 1772 tendunt,
1073 1712 1117 1758 ac
1139 1689 1349 1760 universum
1365 1685 1505 1759 Orbem
1526 1685 1603 1756 suis
1622 1687 1722 1758 curis
1742 1711 1819 1758 am·

272 1795 505 1889 plectuntur:
531 1789 666 1866 etenim
686 1785 773 1861 verb
800 1789 831 1861 si
856 1787 1011 1874 inomni
1031 1787 1209 1859 facultate
1237 1806 1391 1888 semper
1408 1792 1588 1858 novarum
1616 1809 1738 1858 rerum
1766 1787 1819 1859 in*
1873 1865 1878 1882 ,

270 1893 431 1965 relationi
450 1891 558 1965 locus
576 1899 644 1975 est,
671 1887 801 1960 istum
821 1885 984 1958 maxime
997 1969 999 1974 ¹
1012 1886 1047 1958 in
1072 1911 1108 1957 re
1127 1887 1314 1972 herbaria,
1341 1893 1515 1971 attamen,
1545 1897 1586 1957 ut
1603 1910 1697 1958 nora
1717 1886 1818 1958 dete·

270 2005 370 2085 gant,
399 2015 474 2064 non
495 1987 693 2083 Europaeis
711 1985 901 2059 Botanicis
919 1986 954 2058 in
975 1985 1200 2080 longinquas
1215 1985 1322 2058 >abire
1338 1985 1507 2079 regiones
1526 1997 1623 2079 opus
1639 1995 1717 2076 est3
1745 2009 1818 2058 non

271 2115 395 2187 pauca
412 2089 508 2160 euim
527 2083 757 2184 vegetabilis,
785 2099 872 2181 qtrae
893 2085 948 2158 vel
967 2085 1118 2157 omniuo
1135 2085 1334 2180 incognita,
1364 2085 1420 2156 tel
1443 2108 1516 2156 nou
1534 2081 1602 2154 rite
1621 2085 1821 2156 observata
1913 2143 1917 2152 .

195 2271 197 2276 ,
272 2203 372 2275 strut,
400 2189 526 2261 adhue
546 2188 582 2259 iu
601 2185 757 2279 Europa
772 2196 910 2270 nostra,
940 2197 1017 2255 tum
1037 2183 1226 2280 praecipud
1250 2183 1287 2255 iu·
1309 2183 1510 2268 Lusitania,
1541 2197 1691 2256 restant.
1720 2178 1818 2257 Hcec'

270 2303 436 2361 extrerua
454 2283 698 2359 occidentalis
712 2282 878 2379 Europae
897 2282 1018 2380 plaga,
1045 2308 1131 2356 cum
1153 2283 1355 2356 inultorum
1374 2283 1530 2354 fontium
1556 2307 1600 2354 ac
1620 2282 1818 2356 fluviorum

270 2388 421 2483 irrigata
448 2387 496 2459 sit
512 2385 642 2482 aquia,
670 2407 756 2455 cum
777 2382 877 2454 vario
900 2382 981 2454 solo
1009 2407 1054 2456 ac
1073 2385 1284 2467 montibus,
1312 2383 1490 2478 variaque
1519 2383 1613 2455 coeli
1642 2384 1822 2478 temperie'
1886 2411 1889 2418 ·

270 2490 433 2571 fruatur,
462 2485 571 2558 nimis
591 2483 813 2578 multigenas
835 2481 997 2578 plantas,
1026 2483 1212 2578 quasdam
1232 2482 1408 2579 sibiipsi,
1437 2483 1623 2577 quasdam
1643 2483 1762 2556 Italiae
1782 2489 1821 2557 et

272 2587 443 2674 Gr·aeciae,
471 2585 563 2658 alias
586 2584 694 2656 etiam
716 2581 854 2655 Asricae
874 2582 1151 2676 septentrionali
1176 2583 1358 2677 Asiaeque
1381 2581 1524 2668 minori,
1552 2583 1644 2654 alias
1663 2583 1821 2657 Germa*

270 2687 340 2758 uiae
354 2700 416 2781 atq
426 2711 470 2757 ue
489 2675 654 2779 Alpibus
674 2681 844 2777 proprias
863 2683 944 2755 lert
972 2679 1044 2754 Illa
1062 2682 1238 2778 equidem
1267 2703 1289 2754 a
1306 2681 1497 2754 nonnullis
1525 2681 1562 2754 in
1588 2691 1627 2756 re
1646 2683 1821 2755 butanica·

270 2787 381 2858 claris
409 2785 494 2856 viris
516 2785 596 2877 jam
615 2792 811 2878 peragrata
836 2790 913 2866 est,
941 2781 1008 2854 sed
1036 2783 1084 2855 ab
1101 2782 1275 2856 erunibus
1305 2779 1564 2878 utplurimum
1591 2781 1699 2855 nimis
1721 2784 1822 2857 hsti-

269 2899 382 2958 naute
400 2908 533 2969 rrrrsu,
561 2885 664 2956 unde
678 2881 763 2977 luit,
792 2891 834 2954 ut
851 2881 971 2954 multa
988 2879 1067 2954 ttlrn
1086 2881 1169 2955 loca
1187 2882 1271 2954 crlm
1291 2881 1512 2977 vegetabilia
1528 2881 1697 2980 ipsorum
1716 2884 1819 2957 visus

270 2985 504 3080 effugissent;
531 2983 702 3079 insuper,
732 3005 818 3076 quar
845 2979 898 3053 illi
917 3005 1014 3055 nova
1031 2981 1174 3078 publici
1196 2980 1293 3075 juris
1312 2983 1496 3068 lecerunt,
1524 2993 1590 3055 aut
1615 3005 1659 3056 ea
1676 2983 1819 3057 iucom-

271 3083 372 3180 plete
396 3081 654 3179 descripsere,
681 3091 748 3152 aut
773 3081 856 3175 ipsa
882 3077 1046 3156 obscuro
1073 3091 1219 3180 tantum
1249 3077 1415 3178 quodam
1445 3083 1615 3167 nomine,-
1643 3096 1823 3156 mancare

270 3185 398 3280 phrasi
417 3185 604 3280 specifica,
632 3180 736 3252 nulla
754 3203 902 3276 semper
919 3179 1192 3274 habitationum
1211 3181 1397 3254 mentione
1412 3175 1521 3268 faeta,
1549 3182 1820 3258 indicaverunt.

270 3283 373 3358 Hinc
393 3296 506 3357 totam
530 3279 762 3354 Lusitaniam
790 3277 915 3352 denud
934 3277 1190 3377 provinciatim
1222 3281 1382 3355 modicis
1399 3281 1594 3354 itineribus
1622 3284 1823 3378 perambu-

269 3383 359 3470 lare,
387 3396 425 3456 et
442 3395 736 3480 quotuscunque
752 3379 898 3476 species
916 3381 1145 3476 vegetabiles
1161 3381 1244 3478 ipsa
1262 3383 1371 3468 serat,
1399 3381 1447 3456 de
1463 3382 1607 3478 integro
1625 3381 1822 3472 investiga·

269 3504 319 3569 re,
349 3495 464 3581 atque
482 3507 596 3555 noras
614 3503 741 3552 earum
762 3480 963 3576 quaslibet,
985 3480 1144 3558 rariores
1164 3482 1332 3556 minusve
1351 3481 1522 3577 cognitas
1541 3481 1719 3558 accurate
1739 3486 1822 3556 des-

270 3584 430 3668 cribere,
458 3581 682 3655 recentiores
702 3579 907 3652 Batanicos
934 3577 1111 3676 oportere
1136 3583 1227 3656 satis
1247 3581 1390 3678 liquet3¹
1412 3583 1483 3654 hoc
1502 3595 1625 3655 autem
1648 3583 1725 3656 tdm
1745 3603 1823 3667 ,ma-¹

270 3683 383 3768 xime,
411 3680 514 3779 qudd
535 3679 765 3754 hac'tatione
783 3679 926 3752 tautdm
947 3680 1061 3754 Flora
1080 3680 1310 3768 Lusitaniae,
1332 3681 1459 3778 perfici
1479 3683 1626 3778 poterit.
1654 3683 1753 3756 Cum
1773 3705 1821 3755 ex

273 3781 415 3866 Gallia,
445 3781 507 3852 ubi
527 3779 681 3854 Parisiis
700 3791 876 3874 regnante
897 3779 1094 3853 Ludovico
1113 3779 1226 3853 XVI.-
1248 3781 1448 3852 duodecim
1478 3807 1543 3874 per
1561 3787 1679 3853 annos
1703 3783 1822 3853 scieu-

271 3878 331 3951 tiis
351 3879 494 3964 vacavi,
524 3879 734 3963 rediissem,
761 3890 878 3972 atque
895 3879 943 3948 ab
963 3879 1140 3971 Augusta
1160 3875 1307 3971 Regina
1326 3877 1512 3950 MARIA
1541 3879 1571 3951 l.
1601 3881 1649 3952 ad
1670 3880 1822 3954 Batani-

271 4003 371 4064 canr,
401 3975 801 4080 Phytogeurgiamque
817 3974 1116 4072 philosophicam
1144 3975 1179 4048 in
1201 3975 1498 4050 Conimbricensi
1517 3979 1727 4052 Academia
1750 3984 1816 4054 do·

269 4080 431 4151 cendum
458 4089 495 4150 et
513 4075 677 4151 Hortum
705 4074 790 4169 ejus
808 4075 1043 4159 botanicum,
1070 4086 1160 4150 tunc
1187 4075 1249 4148 vix
1275 4075 1485 4173 inceptum,
1513 4080 1819 4155 constituendum

271 4179 440 4250 delectus
457 4200 599 4264 essem3-
626 4176 705 4248 hac
732 4199 800 4272 pro
816 4173 958 4248 viribus
987 4175 1139 4269 aggredi
1163 4175 1235 4248 mei
1252 4193 1336 4249 esse
1353 4177 1517 4252 muneris
1545 4181 1650 4254 duxi.
1681 4181 1822 4255 Primis

271 4276 306 4349 in
327 4277 538 4362 itineribuS,
567 4300 652 4371 quae
673 4299 737 4368 per
754 4291 883 4347 omnes
904 4274 1107 4348 Lusitaniae
1128 4274 1346 4348 Provincias
1371 4277 1457 4363 feci,
1485 4303 1556 4351 non
1577 4301 1717 4376 paucas
1738 4283 1822 4372 stir·'

270 4402 355 4472 pes,
382 4377 474 4450 alias
493 4373 641 4472 penitus
661 4373 885 4464 incognitas,
914 4375 1006 4446 alias
1025 4375 1193 4448 nondum
1218 4375 1406 4470 complete
1426 4378 1653 4475 descriptas,
1681 4383 1822 4475 inveui;

272 4477 356 4548 clun
385 4474 470 4550 verb
489 4477 643 4548 istarum
669 4474 834 4546 omnium
855 4471 1090 4548 characteres
1116 4486 1271 4549 exactos
1289 4475 1429 4549 Orbem
1457 4480 1578 4550 sinere
1597 4478 1821 4556 Botanicum

273 4574 416 4647 diutius
443 4575 612 4668 ignorare
636 4591 710 4644 non
729 4585 1020 4648 cousentaneum
1048 4572 1149 4647 certe
1176 4573 1289 4661 forcti
1313 4575 1649 4670 ipsasdescrihere
1675 4584 1818 4669 curavi,

271 4697 480 4770 earumque
507 4670 778 4764 descriptiones
803 4672 957 4744 seorsim
986 4672 1140 4745 aFlora
1160 4672 1379 4746 Lusitauica
1406 4675 1535 4767 (cujus
1556 4678 1718 4772 primum
1740 4682 1821 4772 jam
1856 4699 1857 4703 ’

272 4773 417 4868 pridem
446 4771 637 4868 specimen
665 4769 794 4864 edidi)
824 4771 895 4842 sub
925 4769 1214 4867 Phytographiae
1246 4771 1449 4866 Lusitaniae
1478 4768 1683 4850 selectioris
1711 4779 1823 4856 tituto·

272 4873 409 4946 sensim
438 4872 632 4965 divulgare
658 4869 860 4942 constitua.
885 4871 991 4953 Qiras
1016 4870 1129 4962 igitur
1154 4872 1330 4966 prodam,
1360 4872 1473 4967 qurlm
1493 4874 1654 4949 maxime
1672 4869 1822 4976 potero,-

273 4983 316 5044 ut
337 4975 592 5068 undequaque
610 4967 792 5040 absoluta
810 4967 893 5054 sint,
921 4968 1049 5056 enitar,
1079 4969 1126 5041 de
1146 4970 1292 5066 prolixo
1311 4975 1480 5044 notarum
1501 4998 1657 5050 nutriero
1684 4981 1822 5076 putide,

273 5071 387 5164 quarn
413 5074 461 5146 de
479 5073 645 5167 ipsarum
665 5067 853 5163 paucitate
871 5067 1061 5165 objurgari
1078 5069 1225 5160 volens;
1251 5071 1321 5144 hac
1348 5072 1443 5144 euim
1474 5074 1527 5146 uti
1552 5075 1589 5148 in
1609 5078 1822 5154 describen-

272 5173 334 5257 da,
362 5197 434 5244 non
456 5173 611 5268 perdere
635 5166 756 5242 sahlm
775 5191 937 5263 operam,
967 5170 1033 5242 sed
1053 5168 1213 5244 scientiae
1232 5179 1389 5268 quoque
1409 5173 1593 5250 botanicae
1618 5181 1822 5253 incremen-

272 5283 311 5342 to
330 5271 477 5356 nocere,
506 5271 641 5366 sepius
662 5279 739 5357 est3
766 5269 849 5339 calm
871 5269 956 5342 hinc
978 5281 1034 5342 tot
1046 5268 1124 5361 jam
1145 5270 1352 5370 descriptas
1373 5273 1518 5369 specics
1540 5275 1663 5350 tlenub
1683 5281 1823 5354 deseri·
1894 5319 1897 5326 ·

273 5371 384 5442 bendi
403 5369 618 5454 necessitas,
647 5377 778 5462 totque
796 5366 1028 5461 cognitarum
1051 5383 1136 5440 cum
1157 5369 1242 5441 rere
1261 5372 1378 5453 novis,
1408 5383 1473 5446 ant
1491 5372 1572 5448 tice
1590 5389 1705 5462 tersa,
1735 5391 1823 5454 con·'

274 5469 371 5542 susio
390 5471 555 5542 derivata
573 5469 632 5540 sit.
669 5467 706 5537 lu
726 5465 839 5558 hujus
861 5466 1158 5564 Phytographici
1178 5470 1300 5564 operis
1319 5471 1441 5545 Tomo
1461 5473 1509 5557 l..
1539 5474 1718 5570 Stirpium
1739 5481 1823 5554 des·

275 5569 493 5665 criptioues,
523 5593 618 5663 quas
645 5565 755 5638 antea
774 5566 851 5659 jam
877 5591 975 5640 armo
997 5568 1054 5642 M.
1071 5565 1121 5641 D.
1137 5567 1251 5644 CCC.
1268 5571 1311 5643 .in
1332 5573 1451 5666 primo
1471 5571 1671 5647 Fasciculo
1695 5581 1823 5653 edide-

274 5693 365 5754 ram,
394 5695 491 5741 nuuc
515 5664 640 5742 denud
659 5679 845 5738 correctas
864 5679 1049 5740 et‘auetas
1068 5670 1196 5740 recudi
1217 5671 1358 5758 curari,
1384 5672 1553 5767 ipsisque
1572 5671 1728 5749 aliarum
1747 5702 1822 5750 nou

272 5793 427 5866 paucas,
454 5791 581 5840 omues
601 5765 812 5840 secuudum
830 5789 919 5840 meae
940 5767 1060 5844 Florae
1080 5767 1278 5844 Lusitaniae
1298 5771 1473 5879 Systema
1492 5773 1723 5848 numericam
1745 5775 1823 5850 dis«

274 5869 447 5957 tributas,
477 5867 647 5962 adjunxi.

1132 5965 1181 6013 ⁸*
1199 5980 1223 6044 9
