<?xml version="1.0" encoding="UTF-8"?>
<!DOCTYPE html PUBLIC "-//W3C//DTD XHTML 1.0 Transitional//EN"
    "http://www.w3.org/TR/xhtml1/DTD/xhtml1-transitional.dtd">
<html xmlns="http://www.w3.org/1999/xhtml" xml:lang="en" lang="en">
 <head>
  <title>
</title>
<meta http-equiv="Content-Type" content="text/html;charset=utf-8" />
  <meta name='ocr-system' content='tesseract 3.04.00' />
  <meta name='ocr-capabilities' content='ocr_page ocr_carea ocr_par ocr_line ocrx_word'/>
</head>
<body>
  <div class='ocr_page' id='page_1' title='image "./phytographialus01brotgoog_0327.png"; bbox 0 0 4584 6912; ppageno 0'>
   <div class='ocr_carea' id='block_1_1' title="bbox 727 733 1713 846">
    <p class='ocr_par' dir='ltr' id='par_1_1' title="bbox 727 733 1713 846">
     <span class='ocr_line' id='line_1_1' title="bbox 727 733 1713 846; baseline -0.001 -2"><span class='ocrx_word' id='word_1_1' title='bbox 727 751 1178 846; x_wconf 58' lang='lat' dir='ltr'><strong>‘suerrus-tut,</strong></span> <span class='ocrx_word' id='word_1_2' title='bbox 1258 769 1263 828; x_wconf 88' lang='lat'><strong>:</strong></span> <span class='ocrx_word' id='word_1_3' title='bbox 1620 733 1713 844; x_wconf 74' lang='lat' dir='ltr'><strong>trs</strong></span> 
     </span>
    </p>
   </div>
   <div class='ocr_carea' id='block_1_2' title="bbox 424 1318 1522 1998">
    <p class='ocr_par' dir='ltr' id='par_1_2' title="bbox 424 1318 1522 1998">
     <span class='ocr_line' id='line_1_2' title="bbox 424 1318 1522 1448; baseline -0.001 -1"><span class='ocrx_word' id='word_1_4' title='bbox 424 1318 1052 1448; x_wconf 77' lang='lat' dir='ltr'><strong>nncaurnunra</strong></span> <span class='ocrx_word' id='word_1_5' title='bbox 1097 1345 1522 1448; x_wconf 76' lang='lat' dir='ltr'><strong>oisrruin.</strong></span> 
     </span>
     <span class='ocr_line' id='line_1_3' title="bbox 935 1609 1099 1729; baseline 0.006 -1"><span class='ocrx_word' id='word_1_6' title='bbox 935 1609 1021 1729; x_wconf 76' lang='lat' dir='ltr'><strong>ra</strong></span> <span class='ocrx_word' id='word_1_7' title='bbox 1096 1623 1099 1630; x_wconf 85' lang='grc'>’</span> 
     </span>
     <span class='ocr_line' id='line_1_4' title="bbox 620 1878 1321 1998; baseline 0.009 -6"><span class='ocrx_word' id='word_1_8' title='bbox 620 1878 1013 1993; x_wconf 47' lang='lat' dir='ltr'><strong>‘strumus</strong></span> <span class='ocrx_word' id='word_1_9' title='bbox 1071 1878 1321 1998; x_wconf 58' lang='lat' dir='ltr'><strong>Lustratur.</strong></span> 
     </span>
    </p>
   </div>
   <div class='ocr_carea' id='block_1_3' title="bbox 202 2137 1762 2438">
    <p class='ocr_par' dir='ltr' id='par_1_3' title="bbox 202 2137 1762 2438">
     <span class='ocr_line' id='line_1_5' title="bbox 202 2137 1761 2242; baseline -0.006 -20"><span class='ocrx_word' id='word_1_10' title='bbox 202 2141 257 2242; x_wconf 55' lang='lat' dir='ltr'><strong>D„</strong></span> <span class='ocrx_word' id='word_1_11' title='bbox 282 2146 396 2220; x_wconf 67' lang='lat' dir='ltr'><strong>⁴caule</strong></span> <span class='ocrx_word' id='word_1_12' title='bbox 414 2140 560 2236; x_wconf 81' lang='lat' dir='ltr'><strong>lignoso</strong></span> <span class='ocrx_word' id='word_1_13' title='bbox 572 2141 836 2236; x_wconf 66' lang='lat' dir='ltr'><strong>,suffraticosq</strong></span> <span class='ocrx_word' id='word_1_14' title='bbox 855 2142 1131 2236; x_wconf 79' lang='lat' dir='ltr'><strong>ramosissim03</strong></span> <span class='ocrx_word' id='word_1_15' title='bbox 1151 2145 1248 2219; x_wconf 88' lang='lat' dir='ltr'><strong>fol-iis</strong></span> <span class='ocrx_word' id='word_1_16' title='bbox 1266 2141 1661 2228; x_wconf 87' lang='lat' dir='ltr'><strong>sublineari-setaceis‚</strong></span> <span class='ocrx_word' id='word_1_17' title='bbox 1681 2137 1761 2238; x_wconf 65' lang='lat' dir='ltr'><strong>api*-</strong></span> 
     </span>
     <span class='ocr_line' id='line_1_6' title="bbox 256 2240 1762 2343; baseline -0.006 -23"><span class='ocrx_word' id='word_1_18' title='bbox 256 2272 301 2320; x_wconf 89' lang='lat' dir='ltr'><strong>ce</strong></span> <span class='ocrx_word' id='word_1_19' title='bbox 313 2243 507 2326; x_wconf 86' lang='lat' dir='ltr'><strong>mollibus,</strong></span> <span class='ocrx_word' id='word_1_20' title='bbox 529 2240 766 2314; x_wconf 84' lang='lat' dir='ltr'><strong>inferioribus</strong></span> <span class='ocrx_word' id='word_1_21' title='bbox 784 2243 955 2338; x_wconf 78' lang='lat' dir='ltr'>margine.</span> <span class='ocrx_word' id='word_1_22' title='bbox 967 2245 1262 2340; x_wconf 62' lang='lat' dir='ltr'><strong>scabriusculisq</strong></span> <span class='ocrx_word' id='word_1_23' title='bbox 1284 2245 1500 2343; x_wconf 87' lang='lat' dir='ltr'><strong>petalorum</strong></span> <span class='ocrx_word' id='word_1_24' title='bbox 1519 2242 1666 2316; x_wconf 85' lang='lat' dir='ltr'><strong>laminis</strong></span> <span class='ocrx_word' id='word_1_25' title='bbox 1684 2253 1762 2314; x_wconf 82' lang='lat' dir='ltr'><strong>ser&#39;-</strong></span> 
     </span>
     <span class='ocr_line' id='line_1_7' title="bbox 259 2339 1114 2438; baseline -0.001 -20"><span class='ocrx_word' id='word_1_26' title='bbox 259 2344 360 2430; x_wconf 77' lang='lat' dir='ltr'><strong>rotie,</strong></span> <span class='ocrx_word' id='word_1_27' title='bbox 376 2339 571 2435; x_wconf 85' lang='lat' dir='ltr'><strong>¹unguibus</strong></span> <span class='ocrx_word' id='word_1_28' title='bbox 593 2340 724 2435; x_wconf 78' lang='lat' dir='ltr'>calyce</span> <span class='ocrx_word' id='word_1_29' title='bbox 741 2343 851 2416; x_wconf 87' lang='lat' dir='ltr'><strong>valde</strong></span> <span class='ocrx_word' id='word_1_30' title='bbox 869 2343 1114 2438; x_wconf 80' lang='lat' dir='ltr'><strong>longioribus,</strong></span> 
     </span>
    </p>
   </div>
   <div class='ocr_carea' id='block_1_4' title="bbox 205 2439 1638 3166">
    <p class='ocr_par' dir='ltr' id='par_1_4' title="bbox 205 2439 1638 3166">
     <span class='ocr_line' id='line_1_8' title="bbox 1271 2439 1638 2516; baseline 0 -2"><span class='ocrx_word' id='word_1_31' title='bbox 1271 2443 1378 2516; x_wconf 76' lang='lat' dir='ltr'><strong>iBrot.</strong></span> <span class='ocrx_word' id='word_1_32' title='bbox 1398 2441 1499 2515; x_wconf 82' lang='lat' dir='ltr'><strong>Flor.</strong></span> <span class='ocrx_word' id='word_1_33' title='bbox 1517 2439 1638 2514; x_wconf 78' lang='lat' dir='ltr'><strong>Lusit.</strong></span> 
     </span>
     <span class='ocr_line' id='line_1_9' title="bbox 205 2593 1634 2739; baseline -0.005 -21"><span class='ocrx_word' id='word_1_34' title='bbox 205 2593 537 2718; x_wconf 70' lang='lat' dir='ltr'><strong>Canuornumus</strong></span> <span class='ocrx_word' id='word_1_35' title='bbox 556 2648 756 2714; x_wconf 87' lang='lat' dir='ltr'><strong>montanus</strong></span> <span class='ocrx_word' id='word_1_36' title='bbox 770 2610 903 2731; x_wconf 84' lang='lat' dir='ltr'><strong>minor,</strong></span> <span class='ocrx_word' id='word_1_37' title='bbox 919 2609 1084 2739; x_wconf 83' lang='lat' dir='ltr'><strong>elegans.</strong></span> <span class='ocrx_word' id='word_1_38' title='bbox 1099 2643 1213 2718; x_wconf 80' lang='lat' dir='ltr'><strong>Grisl.</strong></span> <span class='ocrx_word' id='word_1_39' title='bbox 1231 2613 1350 2716; x_wconf 70' lang='lat' dir='ltr'><strong>Virta.</strong></span> <span class='ocrx_word' id='word_1_40' title='bbox 1364 2641 1484 2715; x_wconf 75' lang='lat' dir='ltr'><strong>Lusit.</strong></span> <span class='ocrx_word' id='word_1_41' title='bbox 1498 2665 1536 2714; x_wconf 83' lang='lat' dir='ltr'><strong>n.</strong></span> <span class='ocrx_word' id='word_1_42' title='bbox 1547 2645 1634 2722; x_wconf 78' lang='lat'><strong>290.</strong></span> 
     </span>
     <span class='ocr_line' id='line_1_10' title="bbox 208 3025 1219 3166; baseline 0.004 -50"><span class='ocrx_word' id='word_1_43' title='bbox 208 3025 359 3116; x_wconf 78' lang='lat' dir='ltr'><strong>&#39;erx</strong></span> <span class='ocrx_word' id='word_1_44' title='bbox 379 3041 565 3166; x_wconf 80' lang='lat' dir='ltr'><strong>perennis,</strong></span> <span class='ocrx_word' id='word_1_45' title='bbox 584 3041 742 3138; x_wconf 80' lang='lat' dir='ltr'>lignosa,</span> <span class='ocrx_word' id='word_1_46' title='bbox 761 3068 922 3136; x_wconf 87' lang='lat' dir='ltr'><strong>ramosa,</strong></span> <span class='ocrx_word' id='word_1_47' title='bbox 943 3043 1083 3120; x_wconf 88' lang='lat' dir='ltr'><strong>cortice</strong></span> <span class='ocrx_word' id='word_1_48' title='bbox 1098 3043 1219 3120; x_wconf 82' lang='lat' dir='ltr'><strong>fusco.</strong></span> 
     </span>
    </p>
   </div>
   <div class='ocr_carea' id='block_1_5' title="bbox 121 3215 1839 4342">
    <p class='ocr_par' dir='ltr' id='par_1_5' title="bbox 121 3215 1839 4342">
     <span class='ocr_line' id='line_1_11' title="bbox 211 3215 1772 3357; baseline -0.005 -39"><span class='ocrx_word' id='word_1_49' title='bbox 211 3220 372 3318; x_wconf 68' lang='lat' dir='ltr'><strong>Caunis</strong></span> <span class='ocrx_word' id='word_1_50' title='bbox 392 3226 561 3357; x_wconf 69' lang='lat' dir='ltr'><strong>lignosus</strong></span> <span class='ocrx_word' id='word_1_51' title='bbox 588 3245 865 3334; x_wconf 81' lang='lat' dir='ltr'><strong>suffraticosus,</strong></span> <span class='ocrx_word' id='word_1_52' title='bbox 894 3257 1003 3336; x_wconf 88' lang='lat' dir='ltr'><strong>teres,</strong></span> <span class='ocrx_word' id='word_1_53' title='bbox 1022 3247 1163 3346; x_wconf 83' lang='lat' dir='ltr'>glaber,</span> <span class='ocrx_word' id='word_1_54' title='bbox 1182 3229 1325 3333; x_wconf 81' lang='lat' dir='ltr'><strong>fuscus,</strong></span> <span class='ocrx_word' id='word_1_55' title='bbox 1343 3237 1485 3319; x_wconf 69' lang='lat' dir='ltr'><strong>inferne</strong></span> <span class='ocrx_word' id='word_1_56' title='bbox 1509 3235 1616 3336; x_wconf 83' lang='lat' dir='ltr'><strong>digiti</strong></span> <span class='ocrx_word' id='word_1_57' title='bbox 1633 3215 1772 3310; x_wconf 79' lang='lat' dir='ltr'><strong>crassi·</strong></span> 
     </span>
     <span class='ocr_line' id='line_1_12' title="bbox 121 3331 1774 3451; baseline -0.002 -39"><span class='ocrx_word' id='word_1_58' title='bbox 121 3349 122 3354; x_wconf 77' lang='grc'>’</span> <span class='ocrx_word' id='word_1_59' title='bbox 220 3393 244 3420; x_wconf 86' lang='grc'><strong>.-</strong></span> <span class='ocrx_word' id='word_1_60' title='bbox 263 3342 408 3429; x_wconf 82' lang='lat' dir='ltr'><strong>tudine,</strong></span> <span class='ocrx_word' id='word_1_61' title='bbox 439 3343 721 3451; x_wconf 77' lang='lat' dir='ltr'><strong>sesquiuuciam</strong></span> <span class='ocrx_word' id='word_1_62' title='bbox 743 3347 798 3439; x_wconf 37' lang='lat' dir='ltr'><strong>,ad</strong></span> <span class='ocrx_word' id='word_1_63' title='bbox 816 3348 915 3422; x_wconf 87' lang='lat' dir='ltr'><strong>duas</strong></span> <span class='ocrx_word' id='word_1_64' title='bbox 934 3353 1077 3447; x_wconf 66' lang='lat' dir='ltr'><strong>Juncias</strong></span> <span class='ocrx_word' id='word_1_65' title='bbox 1103 3349 1218 3434; x_wconf 90' lang='lat' dir='ltr'><strong>altus,</strong></span> <span class='ocrx_word' id='word_1_66' title='bbox 1236 3347 1325 3420; x_wconf 88' lang='lat' dir='ltr'><strong>inde</strong></span> <span class='ocrx_word' id='word_1_67' title='bbox 1350 3341 1652 3428; x_wconf 79' lang='lat' dir='ltr'><strong>ramosissimus3</strong></span> <span class='ocrx_word' id='word_1_68' title='bbox 1678 3331 1774 3407; x_wconf 83' lang='lat' dir='ltr'><strong>rami</strong></span> 
     </span>
     <span class='ocr_line' id='line_1_13' title="bbox 259 3437 1770 3547; baseline 0.003 -33"><span class='ocrx_word' id='word_1_69' title='bbox 259 3440 414 3529; x_wconf 76' lang='lat' dir='ltr'><strong>alterni,</strong></span> <span class='ocrx_word' id='word_1_70' title='bbox 443 3443 642 3530; x_wconf 88' lang='lat' dir='ltr'><strong>coarctati,</strong></span> <span class='ocrx_word' id='word_1_71' title='bbox 670 3448 845 3534; x_wconf 81' lang='lat' dir='ltr'><strong>tortuosi,</strong></span> <span class='ocrx_word' id='word_1_72' title='bbox 871 3469 969 3544; x_wconf 81' lang='lat' dir='ltr'><strong>,vage</strong></span> <span class='ocrx_word' id='word_1_73' title='bbox 992 3445 1242 3547; x_wconf 23' lang='lat' dir='ltr'><strong>iniplurimos</strong></span> <span class='ocrx_word' id='word_1_74' title='bbox 1273 3444 1368 3520; x_wconf 84' lang='lat' dir='ltr'><strong>alios</strong></span> <span class='ocrx_word' id='word_1_75' title='bbox 1395 3437 1592 3522; x_wconf 89' lang='lat' dir='ltr'><strong>subdivisi,</strong></span> <span class='ocrx_word' id='word_1_76' title='bbox 1621 3444 1770 3518; x_wconf 70' lang='lat' dir='ltr'><strong>teretes,</strong></span> 
     </span>
     <span class='ocr_line' id='line_1_14' title="bbox 264 3532 1774 3644; baseline -0.008 -32"><span class='ocrx_word' id='word_1_77' title='bbox 264 3541 398 3637; x_wconf 84' lang='lat' dir='ltr'><strong>glabri,</strong></span> <span class='ocrx_word' id='word_1_78' title='bbox 426 3541 536 3630; x_wconf 88' lang='lat' dir='ltr'><strong>fusci,</strong></span> <span class='ocrx_word' id='word_1_79' title='bbox 563 3542 709 3638; x_wconf 86' lang='lat' dir='ltr'><strong>lignosi,</strong></span> <span class='ocrx_word' id='word_1_80' title='bbox 737 3545 881 3643; x_wconf 90' lang='lat' dir='ltr'><strong>apbylli</strong></span> <span class='ocrx_word' id='word_1_81' title='bbox 911 3549 1059 3644; x_wconf 89' lang='lat' dir='ltr'><strong>absque</strong></span> <span class='ocrx_word' id='word_1_82' title='bbox 1078 3545 1239 3631; x_wconf 88' lang='lat' dir='ltr'><strong>annulis,</strong></span> <span class='ocrx_word' id='word_1_83' title='bbox 1258 3545 1401 3638; x_wconf 89' lang='lat' dir='ltr'><strong>vixque</strong></span> <span class='ocrx_word' id='word_1_84' title='bbox 1419 3558 1607 3613; x_wconf 86' lang='lat' dir='ltr'><strong>ramorum</strong></span> <span class='ocrx_word' id='word_1_85' title='bbox 1625 3532 1774 3626; x_wconf 81' lang='lat' dir='ltr'><strong>aliquot</strong></span> 
     </span>
     <span class='ocr_line' id='line_1_15' title="bbox 260 3628 1839 3743; baseline -0.009 -29"><span class='ocrx_word' id='word_1_86' title='bbox 260 3651 522 3714; x_wconf 79' lang='lat' dir='ltr'><strong>&#39;emortuorum</strong></span> <span class='ocrx_word' id='word_1_87' title='bbox 552 3642 713 3716; x_wconf 78' lang='lat' dir='ltr'><strong>residuis</strong></span> <span class='ocrx_word' id='word_1_88' title='bbox 741 3645 882 3743; x_wconf 82' lang='lat' dir='ltr'><strong>stipati,</strong></span> <span class='ocrx_word' id='word_1_89' title='bbox 904 3648 958 3722; x_wconf 84' lang='lat' dir='ltr'><strong>&#39;ad</strong></span> <span class='ocrx_word' id='word_1_90' title='bbox 973 3645 1207 3742; x_wconf 74' lang='lat' dir='ltr'><strong>senipedem</strong></span> <span class='ocrx_word' id='word_1_91' title='bbox 1225 3638 1422 3726; x_wconf 86' lang='lat' dir='ltr'><strong>&#39;alti,.basl</strong></span> <span class='ocrx_word' id='word_1_92' title='bbox 1440 3631 1707 3731; x_wconf 87' lang='lat' dir='ltr'><strong>aesquilineam</strong></span> <span class='ocrx_word' id='word_1_93' title='bbox 1723 3628 1775 3700; x_wconf 93' lang='lat' dir='ltr'><strong>ad</strong></span> <span class='ocrx_word' id='word_1_94' title='bbox 1836 3663 1839 3669; x_wconf 53' lang='grc'><em>’</em></span> 
     </span>
     <span class='ocr_line' id='line_1_16' title="bbox 266 3728 1775 3841; baseline -0.008 -29"><span class='ocrx_word' id='word_1_95' title='bbox 266 3741 365 3813; x_wconf 88' lang='lat' dir='ltr'><strong>duas</strong></span> <span class='ocrx_word' id='word_1_96' title='bbox 395 3740 512 3814; x_wconf 90' lang='lat' dir='ltr'><strong>lineas</strong></span> <span class='ocrx_word' id='word_1_97' title='bbox 524 3742 662 3828; x_wconf 90' lang='lat' dir='ltr'><strong>crassi,</strong></span> <span class='ocrx_word' id='word_1_98' title='bbox 681 3743 789 3838; x_wconf 83' lang='lat' dir='ltr'><strong>apice</strong></span> <span class='ocrx_word' id='word_1_99' title='bbox 816 3746 1018 3841; x_wconf 87' lang='lat' dir='ltr'><strong>quotannis</strong></span> <span class='ocrx_word' id='word_1_100' title='bbox 1047 3755 1261 3840; x_wconf 85' lang='lat' dir='ltr'><strong>pereuntes,</strong></span> <span class='ocrx_word' id='word_1_101' title='bbox 1290 3749 1329 3812; x_wconf 89' lang='lat' dir='ltr'><strong>et</strong></span> <span class='ocrx_word' id='word_1_102' title='bbox 1345 3738 1432 3813; x_wconf 90' lang='lat' dir='ltr'><strong>iude</strong></span> <span class='ocrx_word' id='word_1_103' title='bbox 1447 3735 1570 3835; x_wconf 91' lang='lat' dir='ltr'><strong>primo</strong></span> <span class='ocrx_word' id='word_1_104' title='bbox 1587 3755 1672 3804; x_wconf 89' lang='lat' dir='ltr'><strong>vere</strong></span> <span class='ocrx_word' id='word_1_105' title='bbox 1689 3728 1775 3823; x_wconf 91' lang='lat' dir='ltr'><strong>pln-</strong></span> 
     </span>
     <span class='ocr_line' id='line_1_17' title="bbox 230 3827 1775 3939; baseline -0.004 -32"><span class='ocrx_word' id='word_1_106' title='bbox 230 3889 236 3907; x_wconf 75' lang='grc'><em>,</em></span> <span class='ocrx_word' id='word_1_107' title='bbox 265 3839 380 3911; x_wconf 87' lang='lat' dir='ltr'><strong>rimas</strong></span> <span class='ocrx_word' id='word_1_108' title='bbox 408 3862 575 3933; x_wconf 87' lang='lat' dir='ltr'><strong>gemmas</strong></span> <span class='ocrx_word' id='word_1_109' title='bbox 605 3842 889 3936; x_wconf 86' lang='lat' dir='ltr'><strong>opproximata&#39;s</strong></span> <span class='ocrx_word' id='word_1_110' title='bbox 917 3863 984 3918; x_wconf 80' lang='lat' dir='ltr'><strong>sen</strong></span> <span class='ocrx_word' id='word_1_111' title='bbox 1003 3841 1206 3918; x_wconf 83' lang='lat' dir='ltr'><strong>fasciculos</strong></span> <span class='ocrx_word' id='word_1_112' title='bbox 1229 3839 1384 3914; x_wconf 85' lang='lat' dir='ltr'><strong>soliosos</strong></span> <span class='ocrx_word' id='word_1_113' title='bbox 1405 3837 1611 3918; x_wconf 84' lang='lat' dir='ltr'><strong>efferentes,</strong></span> <span class='ocrx_word' id='word_1_114' title='bbox 1632 3827 1775 3939; x_wconf 68' lang='lat' dir='ltr'><strong>quibus</strong></span> 
     </span>
     <span class='ocr_line' id='line_1_18' title="bbox 230 3928 1777 4035; baseline -0.011 -19"><span class='ocrx_word' id='word_1_115' title='bbox 230 4009 235 4016; x_wconf 92' lang='lat'><em>.</em></span> <span class='ocrx_word' id='word_1_116' title='bbox 267 3937 501 4032; x_wconf 69' lang='lat' dir='ltr'><strong>egerminans</strong></span> <span class='ocrx_word' id='word_1_117' title='bbox 530 3937 624 4012; x_wconf 89' lang='lat' dir='ltr'><strong>rami</strong></span> <span class='ocrx_word' id='word_1_118' title='bbox 652 3941 817 4014; x_wconf 91' lang='lat' dir='ltr'><strong>annotini</strong></span> <span class='ocrx_word' id='word_1_119' title='bbox 832 3941 1001 4030; x_wconf 82' lang='lat' dir='ltr'><strong>florales,</strong></span> <span class='ocrx_word' id='word_1_120' title='bbox 1021 3949 1119 4016; x_wconf 88' lang='lat' dir='ltr'><strong>uuus</strong></span> <span class='ocrx_word' id='word_1_121' title='bbox 1142 3939 1338 4035; x_wconf 55' lang='lat' dir='ltr'><strong>&amp;singula</strong></span> <span class='ocrx_word' id='word_1_122' title='bbox 1362 3961 1521 4035; x_wconf 84' lang='lat' dir='ltr'><strong>gemma,</strong></span> <span class='ocrx_word' id='word_1_123' title='bbox 1539 3942 1688 4014; x_wconf 88' lang='lat' dir='ltr'><strong>teretes,</strong></span> <span class='ocrx_word' id='word_1_124' title='bbox 1707 3928 1777 4002; x_wconf 86' lang='lat' dir='ltr'><strong>fin-</strong></span> 
     </span>
     <span class='ocr_line' id='line_1_19' title="bbox 268 4028 1777 4139; baseline -0.009 -29"><span class='ocrx_word' id='word_1_125' title='bbox 268 4039 418 4124; x_wconf 84' lang='lat' dir='ltr'><strong>sormes,</strong></span> <span class='ocrx_word' id='word_1_126' title='bbox 439 4037 623 4126; x_wconf 81' lang='lat' dir='ltr'><strong>herbacei,</strong></span> <span class='ocrx_word' id='word_1_127' title='bbox 640 4039 779 4134; x_wconf 78' lang='lat' dir='ltr'><strong>glauci,</strong></span> <span class='ocrx_word' id='word_1_128' title='bbox 798 4041 1047 4139; x_wconf 77' lang='lat' dir='ltr'><strong>semipedales</strong></span> <span class='ocrx_word' id='word_1_129' title='bbox 1064 4043 1114 4116; x_wconf 86' lang='lat' dir='ltr'><strong>ad</strong></span> <span class='ocrx_word' id='word_1_130' title='bbox 1137 4040 1304 4138; x_wconf 84' lang='lat' dir='ltr'><strong>pedales,</strong></span> <span class='ocrx_word' id='word_1_131' title='bbox 1324 4041 1436 4112; x_wconf 88' lang='lat' dir='ltr'><strong>erecti</strong></span> <span class='ocrx_word' id='word_1_132' title='bbox 1457 4045 1523 4110; x_wconf 88' lang='lat' dir='ltr'><strong>aut</strong></span> <span class='ocrx_word' id='word_1_133' title='bbox 1540 4028 1698 4126; x_wconf 82' lang='lat' dir='ltr'><strong>obliqui,</strong></span> <span class='ocrx_word' id='word_1_134' title='bbox 1718 4051 1777 4099; x_wconf 88' lang='lat' dir='ltr'><strong>ar-</strong></span> 
     </span>
     <span class='ocr_line' id='line_1_20' title="bbox 266 4125 1778 4239; baseline -0.007 -29"><span class='ocrx_word' id='word_1_135' title='bbox 266 4136 429 4224; x_wconf 82' lang='lat' dir='ltr'><strong>ticulati,</strong></span> <span class='ocrx_word' id='word_1_136' title='bbox 453 4131 588 4232; x_wconf 87' lang='lat' dir='ltr'><strong>glabri,</strong></span> <span class='ocrx_word' id='word_1_137' title='bbox 604 4127 757 4212; x_wconf 69' lang='lat' dir='ltr'><strong>&#39;inferne</strong></span> <span class='ocrx_word' id='word_1_138' title='bbox 788 4131 1003 4229; x_wconf 81' lang='lat' dir='ltr'><strong>crassiores,</strong></span> <span class='ocrx_word' id='word_1_139' title='bbox 1029 4139 1193 4239; x_wconf 73' lang='lat' dir='ltr'><strong>superne</strong></span> <span class='ocrx_word' id='word_1_140' title='bbox 1215 4153 1290 4214; x_wconf 88' lang='lat' dir='ltr'><strong>tres</strong></span> <span class='ocrx_word' id='word_1_141' title='bbox 1308 4139 1358 4212; x_wconf 89' lang='lat' dir='ltr'><strong>ad</strong></span> <span class='ocrx_word' id='word_1_142' title='bbox 1375 4149 1521 4236; x_wconf 84' lang='lat' dir='ltr'><strong>septem</strong></span> <span class='ocrx_word' id='word_1_143' title='bbox 1536 4131 1703 4208; x_wconf 85' lang='lat' dir='ltr'><strong>ramulos</strong></span> <span class='ocrx_word' id='word_1_144' title='bbox 1721 4125 1778 4200; x_wconf 63' lang='lat' dir='ltr'><strong>diss</strong></span> 
     </span>
     <span class='ocr_line' id='line_1_21' title="bbox 271 4236 1494 4342; baseline 0 -32"><span class='ocrx_word' id='word_1_145' title='bbox 271 4236 448 4312; x_wconf 74' lang='lat' dir='ltr'><strong>chotome</strong></span> <span class='ocrx_word' id='word_1_146' title='bbox 467 4238 638 4328; x_wconf 88' lang='lat' dir='ltr'><strong>serentes,</strong></span> <span class='ocrx_word' id='word_1_147' title='bbox 658 4236 810 4314; x_wconf 81' lang='lat' dir='ltr'><strong>demdm</strong></span> <span class='ocrx_word' id='word_1_148' title='bbox 828 4239 904 4315; x_wconf 75' lang='lat' dir='ltr'><strong>sere</strong></span> <span class='ocrx_word' id='word_1_149' title='bbox 922 4243 972 4316; x_wconf 93' lang='lat' dir='ltr'><strong>ad</strong></span> <span class='ocrx_word' id='word_1_150' title='bbox 990 4266 1114 4342; x_wconf 91' lang='lat' dir='ltr'><strong>usque</strong></span> <span class='ocrx_word' id='word_1_151' title='bbox 1131 4241 1241 4316; x_wconf 87' lang='lat' dir='ltr'><strong>basin</strong></span> <span class='ocrx_word' id='word_1_152' title='bbox 1258 4236 1494 4313; x_wconf 88' lang='lat' dir='ltr'><strong>emorientes.</strong></span> 
     </span>
    </p>
   </div>
   <div class='ocr_carea' id='block_1_6' title="bbox 221 4425 1782 5430">
    <p class='ocr_par' dir='ltr' id='par_1_6' title="bbox 221 4425 1781 4739">
     <span class='ocr_line' id='line_1_22' title="bbox 221 4425 1780 4540; baseline 0.004 -28"><span class='ocrx_word' id='word_1_153' title='bbox 221 4439 354 4534; x_wconf 70' lang='lat' dir='ltr'><strong>Fotis</strong></span> <span class='ocrx_word' id='word_1_154' title='bbox 373 4435 534 4534; x_wconf 85' lang='lat' dir='ltr'><strong>primrlm</strong></span> <span class='ocrx_word' id='word_1_155' title='bbox 572 4429 608 4512; x_wconf 86' lang='lat' dir='ltr'><strong>in</strong></span> <span class='ocrx_word' id='word_1_156' title='bbox 628 4438 778 4535; x_wconf 85' lang='lat' dir='ltr'><strong>singula</strong></span> <span class='ocrx_word' id='word_1_157' title='bbox 804 4439 952 4538; x_wconf 72' lang='lat' dir='ltr'><strong>gemmb</strong></span> <span class='ocrx_word' id='word_1_158' title='bbox 979 4453 1169 4540; x_wconf 84' lang='lat' dir='ltr'><strong>congesta,</strong></span> <span class='ocrx_word' id='word_1_159' title='bbox 1198 4451 1237 4516; x_wconf 91' lang='lat' dir='ltr'><strong>et</strong></span> <span class='ocrx_word' id='word_1_160' title='bbox 1254 4437 1365 4537; x_wconf 86' lang='lat' dir='ltr'><strong>quast</strong></span> <span class='ocrx_word' id='word_1_161' title='bbox 1381 4433 1615 4516; x_wconf 69' lang='lat' dir='ltr'><strong>fasciculam,</strong></span> <span class='ocrx_word' id='word_1_162' title='bbox 1645 4425 1780 4524; x_wconf 63' lang='grc' dir='ltr'><strong>ΡΟΕῑθὲ</strong></span> 
     </span>
     <span class='ocr_line' id='line_1_23' title="bbox 275 4531 1780 4625; baseline -0.009 -14"><span class='ocrx_word' id='word_1_163' title='bbox 275 4537 413 4612; x_wconf 88' lang='lat' dir='ltr'><strong>sensim</strong></span> <span class='ocrx_word' id='word_1_164' title='bbox 433 4539 554 4611; x_wconf 90' lang='lat' dir='ltr'><strong>indies</strong></span> <span class='ocrx_word' id='word_1_165' title='bbox 573 4539 750 4612; x_wconf 84' lang='lat' dir='ltr'><strong>distantia</strong></span> <span class='ocrx_word' id='word_1_166' title='bbox 768 4552 806 4614; x_wconf 91' lang='lat' dir='ltr'><strong>et</strong></span> <span class='ocrx_word' id='word_1_167' title='bbox 824 4533 978 4625; x_wconf 89' lang='lat' dir='ltr'><strong>minora,</strong></span> <span class='ocrx_word' id='word_1_168' title='bbox 999 4545 1045 4615; x_wconf 90' lang='lat' dir='ltr'><strong>ad</strong></span> <span class='ocrx_word' id='word_1_169' title='bbox 1062 4546 1169 4615; x_wconf 87' lang='lat' dir='ltr'><strong>basin</strong></span> <span class='ocrx_word' id='word_1_170' title='bbox 1188 4539 1421 4618; x_wconf 85' lang='lat' dir='ltr'><strong>ramulorum</strong></span> <span class='ocrx_word' id='word_1_171' title='bbox 1439 4535 1701 4606; x_wconf 90' lang='lat' dir='ltr'><strong>annotinorum</strong></span> <span class='ocrx_word' id='word_1_172' title='bbox 1722 4531 1780 4600; x_wconf 88' lang='lat' dir='ltr'><strong>in-</strong></span> 
     </span>
     <span class='ocr_line' id='line_1_24' title="bbox 275 4625 1781 4739; baseline -0.007 -30"><span class='ocrx_word' id='word_1_173' title='bbox 275 4637 455 4710; x_wconf 90' lang='lat' dir='ltr'><strong>ternodiis</strong></span> <span class='ocrx_word' id='word_1_174' title='bbox 482 4636 673 4734; x_wconf 85' lang='lat' dir='ltr'><strong>longiora,</strong></span> <span class='ocrx_word' id='word_1_175' title='bbox 702 4639 836 4735; x_wconf 74' lang='lat' dir='ltr'><strong>posted</strong></span> <span class='ocrx_word' id='word_1_176' title='bbox 860 4641 953 4738; x_wconf 90' lang='lat' dir='ltr'><strong>ipsis</strong></span> <span class='ocrx_word' id='word_1_177' title='bbox 979 4643 1099 4739; x_wconf 92' lang='lat' dir='ltr'><strong>duplo</strong></span> <span class='ocrx_word' id='word_1_178' title='bbox 1130 4653 1168 4714; x_wconf 87' lang='lat' dir='ltr'><strong>et</strong></span> <span class='ocrx_word' id='word_1_179' title='bbox 1191 4635 1268 4712; x_wconf 71' lang='lat' dir='ltr'><strong>sere</strong></span> <span class='ocrx_word' id='word_1_180' title='bbox 1294 4633 1407 4732; x_wconf 90' lang='lat' dir='ltr'><strong>triplo</strong></span> <span class='ocrx_word' id='word_1_181' title='bbox 1434 4630 1625 4716; x_wconf 89' lang='lat' dir='ltr'><strong>breviora,</strong></span> <span class='ocrx_word' id='word_1_182' title='bbox 1653 4625 1781 4701; x_wconf 89' lang='lat' dir='ltr'><strong>omnia</strong></span> 
     </span>
    </p>

    <p class='ocr_par' dir='ltr' id='par_1_7' title="bbox 240 4733 1781 4833">
     <span class='ocr_line' id='line_1_25' title="bbox 240 4733 1781 4833; baseline 0.003 -23"><span class='ocrx_word' id='word_1_183' title='bbox 240 4819 244 4831; x_wconf 30' lang='lat'><em>¹</em></span> <span class='ocrx_word' id='word_1_184' title='bbox 275 4735 671 4824; x_wconf 75' lang='lat' dir='ltr'><strong>sublinearisetacea,</strong></span> <span class='ocrx_word' id='word_1_185' title='bbox 696 4751 844 4826; x_wconf 85' lang='lat' dir='ltr'><strong>tenera,</strong></span> <span class='ocrx_word' id='word_1_186' title='bbox 872 4749 1003 4823; x_wconf 88' lang='lat' dir='ltr'><strong>acuta,</strong></span> <span class='ocrx_word' id='word_1_187' title='bbox 1034 4751 1101 4814; x_wconf 88' lang='lat' dir='ltr'><strong>ne&#39;c</strong></span> <span class='ocrx_word' id='word_1_188' title='bbox 1139 4751 1265 4814; x_wconf 89' lang='lat' dir='ltr'><strong>tamen</strong></span> <span class='ocrx_word' id='word_1_189' title='bbox 1300 4733 1523 4833; x_wconf 68' lang='lat' dir='ltr'><strong>pungentia,</strong></span> <span class='ocrx_word' id='word_1_190' title='bbox 1550 4738 1685 4814; x_wconf 64' lang='lat' dir='ltr'><strong>electa,</strong></span> <span class='ocrx_word' id='word_1_191' title='bbox 1714 4739 1781 4822; x_wconf 61' lang='lat' dir='ltr'><strong>Oli*</strong></span> 
     </span>
    </p>

    <p class='ocr_par' dir='ltr' id='par_1_8' title="bbox 238 4825 1782 4936">
     <span class='ocr_line' id='line_1_26' title="bbox 238 4825 1782 4936; baseline -0.01 -25"><span class='ocrx_word' id='word_1_192' title='bbox 238 4899 243 4911; x_wconf 92' lang='grc'><em>,</em></span> <span class='ocrx_word' id='word_1_193' title='bbox 276 4836 414 4934; x_wconf 88' lang='lat' dir='ltr'><strong>posita,</strong></span> <span class='ocrx_word' id='word_1_194' title='bbox 443 4836 521 4910; x_wconf 87' lang='lat' dir='ltr'><strong>basi</strong></span> <span class='ocrx_word' id='word_1_195' title='bbox 553 4836 700 4924; x_wconf 85' lang='lat' dir='ltr'><strong>coalita,</strong></span> <span class='ocrx_word' id='word_1_196' title='bbox 727 4839 926 4936; x_wconf 89' lang='lat' dir='ltr'><strong>nodosque</strong></span> <span class='ocrx_word' id='word_1_197' title='bbox 952 4839 1175 4934; x_wconf 71' lang='lat' dir='ltr'><strong>raginaudo,</strong></span> <span class='ocrx_word' id='word_1_198' title='bbox 1203 4835 1345 4933; x_wconf 86' lang='lat' dir='ltr'><strong>glabra,</strong></span> <span class='ocrx_word' id='word_1_199' title='bbox 1374 4833 1523 4930; x_wconf 86' lang='lat' dir='ltr'><strong>glauca,</strong></span> <span class='ocrx_word' id='word_1_200' title='bbox 1550 4825 1782 4902; x_wconf 85' lang='lat' dir='ltr'><strong>crassiuscn-</strong></span> 
     </span>
    </p>

    <p class='ocr_par' dir='ltr' id='par_1_9' title="bbox 238 4924 1782 5235">
     <span class='ocr_line' id='line_1_27' title="bbox 238 4924 1779 5036; baseline -0.009 -25"><span class='ocrx_word' id='word_1_201' title='bbox 238 5001 246 5011; x_wconf 96' lang='lat'><em>.</em></span> <span class='ocrx_word' id='word_1_202' title='bbox 277 4937 338 5022; x_wconf 75' lang='lat' dir='ltr'><strong>la,</strong></span> <span class='ocrx_word' id='word_1_203' title='bbox 365 4935 501 5010; x_wconf 83' lang='lat' dir='ltr'><strong>subtus</strong></span> <span class='ocrx_word' id='word_1_204' title='bbox 529 4961 718 5028; x_wconf 84' lang='lat' dir='ltr'><strong>convexa,</strong></span> <span class='ocrx_word' id='word_1_205' title='bbox 746 4963 863 5036; x_wconf 81' lang='lat' dir='ltr'><strong>supra</strong></span> <span class='ocrx_word' id='word_1_206' title='bbox 887 4939 1127 5036; x_wconf 88' lang='lat' dir='ltr'><strong>planiuscula</strong></span> <span class='ocrx_word' id='word_1_207' title='bbox 1154 4949 1222 5012; x_wconf 88' lang='lat' dir='ltr'><strong>seu</strong></span> <span class='ocrx_word' id='word_1_208' title='bbox 1249 4933 1361 5034; x_wconf 85' lang='lat' dir='ltr'><strong>quasi</strong></span> <span class='ocrx_word' id='word_1_209' title='bbox 1387 4927 1659 5012; x_wconf 84' lang='lat' dir='ltr'><strong>canaliculata,</strong></span> <span class='ocrx_word' id='word_1_210' title='bbox 1688 4924 1745 4998; x_wconf 84' lang='lat' dir='ltr'><strong>ins</strong></span> <span class='ocrx_word' id='word_1_211' title='bbox 1764 4969 1779 4984; x_wconf 91' lang='lat'>-</span> 
     </span>
     <span class='ocr_line' id='line_1_28' title="bbox 276 5019 1779 5131; baseline -0.007 -23"><span class='ocrx_word' id='word_1_212' title='bbox 276 5035 375 5108; x_wconf 87' lang='lat' dir='ltr'><strong>riora</strong></span> <span class='ocrx_word' id='word_1_213' title='bbox 400 5037 632 5131; x_wconf 84' lang='lat' dir='ltr'><strong>marginibus</strong></span> <span class='ocrx_word' id='word_1_214' title='bbox 671 5037 721 5109; x_wconf 86' lang='lat' dir='ltr'><strong>ad</strong></span> <span class='ocrx_word' id='word_1_215' title='bbox 748 5039 883 5117; x_wconf 87' lang='lat' dir='ltr'><strong>lentem</strong></span> <span class='ocrx_word' id='word_1_216' title='bbox 914 5038 1131 5115; x_wconf 85' lang='lat' dir='ltr'><strong>tenuissime</strong></span> <span class='ocrx_word' id='word_1_217' title='bbox 1154 5035 1374 5120; x_wconf 89' lang='lat' dir='ltr'><strong>serrulatis,</strong></span> <span class='ocrx_word' id='word_1_218' title='bbox 1401 5019 1779 5123; x_wconf 81' lang='lat' dir='ltr'><strong>scabriu&#39;sc&#39;nlisque,</strong></span> 
     </span>
     <span class='ocr_line' id='line_1_29' title="bbox 278 5126 1782 5235; baseline -0.007 -28"><span class='ocrx_word' id='word_1_219' title='bbox 278 5135 403 5208; x_wconf 85' lang='lat' dir='ltr'><strong>media</strong></span> <span class='ocrx_word' id='word_1_220' title='bbox 429 5145 467 5208; x_wconf 92' lang='lat' dir='ltr'><strong>et</strong></span> <span class='ocrx_word' id='word_1_221' title='bbox 492 5135 688 5234; x_wconf 87' lang='lat' dir='ltr'><strong>superiora</strong></span> <span class='ocrx_word' id='word_1_222' title='bbox 712 5137 851 5235; x_wconf 88' lang='lat' dir='ltr'><strong>saepius</strong></span> <span class='ocrx_word' id='word_1_223' title='bbox 877 5139 1108 5235; x_wconf 87' lang='lat' dir='ltr'><strong>marginibus</strong></span> <span class='ocrx_word' id='word_1_224' title='bbox 1134 5133 1378 5232; x_wconf 87' lang='lat' dir='ltr'><strong>integerrimis</strong></span> <span class='ocrx_word' id='word_1_225' title='bbox 1405 5126 1693 5226; x_wconf 67' lang='lat' dir='ltr'><strong>angustissimis</strong></span> <span class='ocrx_word' id='word_1_226' title='bbox 1724 5149 1782 5198; x_wconf 89' lang='lat' dir='ltr'><strong>se-</strong></span> 
     </span>
    </p>

    <p class='ocr_par' dir='ltr' id='par_1_10' title="bbox 244 5230 1782 5430">
     <span class='ocr_line' id='line_1_30' title="bbox 244 5230 1782 5340; baseline -0.005 -35"><span class='ocrx_word' id='word_1_227' title='bbox 244 5285 248 5314; x_wconf 61' lang='lat'>2</span> <span class='ocrx_word' id='word_1_228' title='bbox 279 5235 467 5309; x_wconf 88' lang='lat' dir='ltr'><strong>milineam</strong></span> <span class='ocrx_word' id='word_1_229' title='bbox 495 5261 579 5312; x_wconf 84' lang='lat' dir='ltr'><strong>raro</strong></span> <span class='ocrx_word' id='word_1_230' title='bbox 605 5237 740 5312; x_wconf 88' lang='lat' dir='ltr'><strong>lineam</strong></span> <span class='ocrx_word' id='word_1_231' title='bbox 757 5255 873 5314; x_wconf 87' lang='lat' dir='ltr'><strong>unam</strong></span> <span class='ocrx_word' id='word_1_232' title='bbox 899 5239 986 5328; x_wconf 79' lang='lat' dir='ltr'><strong>tata,</strong></span> <span class='ocrx_word' id='word_1_233' title='bbox 1015 5240 1186 5340; x_wconf 89' lang='lat' dir='ltr'><strong>quinque</strong></span> <span class='ocrx_word' id='word_1_234' title='bbox 1211 5237 1262 5310; x_wconf 89' lang='lat' dir='ltr'><strong>ad</strong></span> <span class='ocrx_word' id='word_1_235' title='bbox 1278 5251 1412 5308; x_wconf 91' lang='lat' dir='ltr'><strong>novem</strong></span> <span class='ocrx_word' id='word_1_236' title='bbox 1440 5233 1558 5306; x_wconf 86' lang='lat' dir='ltr'><strong>lineas</strong></span> <span class='ocrx_word' id='word_1_237' title='bbox 1577 5230 1698 5325; x_wconf 83' lang='lat' dir='ltr'><strong>longa,</strong></span> <span class='ocrx_word' id='word_1_238' title='bbox 1721 5241 1782 5298; x_wconf 59' lang='lat' dir='ltr'><strong>sa*</strong></span> 
     </span>
     <span class='ocr_line' id='line_1_31' title="bbox 280 5339 666 5430; baseline 0.018 -25"><span class='ocrx_word' id='word_1_239' title='bbox 280 5357 371 5430; x_wconf 85' lang='lat' dir='ltr'><strong>pore</strong></span> <span class='ocrx_word' id='word_1_240' title='bbox 397 5339 666 5415; x_wconf 89' lang='lat' dir='ltr'><strong>amariusculo.</strong></span> 
     </span>
    </p>
   </div>
   <div class='ocr_carea' id='block_1_7' title="bbox 233 5521 1784 5727">
    <p class='ocr_par' dir='ltr' id='par_1_11' title="bbox 233 5521 1784 5727">
     <span class='ocr_line' id='line_1_32' title="bbox 233 5521 1784 5637; baseline -0.006 -32"><span class='ocrx_word' id='word_1_241' title='bbox 233 5529 398 5607; x_wconf 75' lang='lat' dir='ltr'><strong>Fuoass</strong></span> <span class='ocrx_word' id='word_1_242' title='bbox 423 5537 664 5628; x_wconf 88' lang='lat' dir='ltr'><strong>terminales,</strong></span> <span class='ocrx_word' id='word_1_243' title='bbox 692 5543 831 5637; x_wconf 78' lang='lat' dir='ltr'><strong>sapius</strong></span> <span class='ocrx_word' id='word_1_244' title='bbox 858 5542 936 5617; x_wconf 87' lang='lat' dir='ltr'><strong>duo</strong></span> <span class='ocrx_word' id='word_1_245' title='bbox 962 5545 1112 5631; x_wconf 88' lang='lat' dir='ltr'><strong>tresve,</strong></span> <span class='ocrx_word' id='word_1_246' title='bbox 1140 5537 1262 5632; x_wconf 81' lang='lat' dir='ltr'><strong>rarius</strong></span> <span class='ocrx_word' id='word_1_247' title='bbox 1289 5529 1455 5636; x_wconf 85' lang='lat' dir='ltr'><strong>quatuor</strong></span> <span class='ocrx_word' id='word_1_248' title='bbox 1489 5525 1538 5603; x_wconf 86' lang='lat' dir='ltr'><strong>ad</strong></span> <span class='ocrx_word' id='word_1_249' title='bbox 1564 5534 1708 5626; x_wconf 88' lang='lat' dir='ltr'><strong>septem</strong></span> <span class='ocrx_word' id='word_1_250' title='bbox 1745 5521 1784 5598; x_wconf 85' lang='lat' dir='ltr'><strong>in</strong></span> 
     </span>
     <span class='ocr_line' id='line_1_33' title="bbox 286 5631 825 5727; baseline 0.024 -21"><span class='ocrx_word' id='word_1_251' title='bbox 286 5631 434 5727; x_wconf 86' lang='lat' dir='ltr'><strong>singulo</strong></span> <span class='ocrx_word' id='word_1_252' title='bbox 462 5641 608 5712; x_wconf 89' lang='lat' dir='ltr'><strong>ramulo</strong></span> <span class='ocrx_word' id='word_1_253' title='bbox 633 5642 825 5718; x_wconf 74' lang='lat' dir='ltr'><strong>annotinor</strong></span> 
     </span>
    </p>
   </div>
   <div class='ocr_carea' id='block_1_8' title="bbox 234 5806 1786 6116">
    <p class='ocr_par' dir='ltr' id='par_1_12' title="bbox 234 5806 1786 6116">
     <span class='ocr_line' id='line_1_34' title="bbox 234 5806 1786 5934; baseline 0.008 -30"><span class='ocrx_word' id='word_1_254' title='bbox 234 5823 380 5904; x_wconf 70' lang='lat' dir='ltr'><strong>Ostra</strong></span> <span class='ocrx_word' id='word_1_255' title='bbox 408 5831 685 5930; x_wconf 85' lang='lat' dir='ltr'><strong>cylindraceus‚</strong></span> <span class='ocrx_word' id='word_1_256' title='bbox 712 5839 852 5930; x_wconf 86' lang='lat' dir='ltr'><strong>viridis,</strong></span> <span class='ocrx_word' id='word_1_257' title='bbox 880 5851 946 5917; x_wconf 87' lang='lat' dir='ltr'><strong>aut</strong></span> <span class='ocrx_word' id='word_1_258' title='bbox 964 5815 1153 5920; x_wconf 80' lang='lat' dir='ltr'><strong>interdum</strong></span> <span class='ocrx_word' id='word_1_259' title='bbox 1181 5839 1624 5934; x_wconf 73' lang='lat' dir='ltr'><strong>leviterpurpurascens.</strong></span> <span class='ocrx_word' id='word_1_260' title='bbox 1653 5806 1786 5897; x_wconf 61' lang='lat' dir='ltr'><strong>(lessssm</strong></span> 
     </span>
     <span class='ocr_line' id='line_1_35' title="bbox 285 5921 1786 6042; baseline -0.005 -39"><span class='ocrx_word' id='word_1_261' title='bbox 285 5929 402 6009; x_wconf 86' lang='lat' dir='ltr'><strong>lineas</strong></span> <span class='ocrx_word' id='word_1_262' title='bbox 430 5936 593 6034; x_wconf 86' lang='lat' dir='ltr'><strong>longus,</strong></span> <span class='ocrx_word' id='word_1_263' title='bbox 622 5939 797 6017; x_wconf 87' lang='lat' dir='ltr'><strong>dentibus</strong></span> <span class='ocrx_word' id='word_1_264' title='bbox 833 5943 1077 6042; x_wconf 87' lang='lat' dir='ltr'><strong>supputatis,</strong></span> <span class='ocrx_word' id='word_1_265' title='bbox 1105 5942 1203 6015; x_wconf 87' lang='lat' dir='ltr'><strong>duas</strong></span> <span class='ocrx_word' id='word_1_266' title='bbox 1236 5939 1274 6013; x_wconf 94' lang='lat' dir='ltr'><strong>in</strong></span> <span class='ocrx_word' id='word_1_267' title='bbox 1300 5936 1425 6016; x_wconf 88' lang='lat' dir='ltr'><strong>medio</strong></span> <span class='ocrx_word' id='word_1_268' title='bbox 1451 5931 1580 6022; x_wconf 88' lang='lat' dir='ltr'><strong>latus,</strong></span> <span class='ocrx_word' id='word_1_269' title='bbox 1608 5921 1786 6002; x_wconf 80' lang='lat' dir='ltr'><strong>&#39;dentibus</strong></span> 
     </span>
     <span class='ocr_line' id='line_1_36' title="bbox 1152 6061 1210 6116; baseline -0.034 0"><span class='ocrx_word' id='word_1_270' title='bbox 1152 6061 1210 6116; x_wconf 83' lang='lat' dir='ltr'><strong>xx</strong></span> 
     </span>
    </p>
   </div>
   <div class='ocr_carea' id='block_1_9' title="bbox 0 0 2335 6912">
    <p class='ocr_par' dir='ltr' id='par_1_13' title="bbox 0 0 2335 6912">
     <span class='ocr_line' id='line_1_37' title="bbox 0 0 2335 6912; baseline 0 0"><span class='ocrx_word' id='word_1_271' title='bbox 0 0 2335 6912; x_wconf 95' lang='lat' dir='ltr'><strong> </strong></span> 
     </span>
    </p>
   </div>
  </div>
 </body>
</html>
